@article{Hill:2010yb,
      author         = "Hill, Richard J. and Paz, Gil",
      title          = "{Model independent extraction of the proton charge radius
                        from electron scattering}",
      journal        = "Phys.Rev.",
      volume         = "D82",
      pages          = "113005",
      doi            = "10.1103/PhysRevD.82.113005",
      year           = "2010",
      eprint         = "1008.4619",
      archivePrefix  = "arXiv",
      primaryClass   = "hep-ph",
      reportNumber   = "EFI-PREPRINT-10-21",
      SLACcitation   = "%%CITATION = ARXIV:1008.4619;%%",
}

@article{Bourrely:2008za,
      author         = "Bourrely, Claude and Caprini, Irinel and Lellouch,
                        Laurent",
      title          = "{Model-independent description of $B \to \pi \ell \nu$
                        decays and a determination of $|V(ub)|$}",
      journal        = "Phys.Rev.",
      volume         = "D79",
      pages          = "013008",
      doi            = "10.1103/PhysRevD.82.099902, 10.1103/PhysRevD.79.013008",
      year           = "2009",
      eprint         = "0807.2722",
      archivePrefix  = "arXiv",
      primaryClass   = "hep-ph",
      reportNumber   = "CPT-P36-2007",
      SLACcitation   = "%%CITATION = ARXIV:0807.2722;%%",
}

@article{Boyd:1995sq,
      author         = "Boyd, C. Glenn and Grinstein, Benjamin and Lebed, Richard
                        F.",
      title          = "{Model independent determinations of $\bar B \to D
              		l \bar\nu, D^* l \bar\nu$ form-factors}",
      journal        = "Nucl.Phys.",
      volume         = "B461",
      pages          = "493-511",
      doi            = "10.1016/0550-3213(95)00653-2",
      year           = "1996",
      eprint         = "hep-ph/9508211",
      archivePrefix  = "arXiv",
      primaryClass   = "hep-ph",
      reportNumber   = "UCSD-PTH-95-11",
      SLACcitation   = "%%CITATION = HEP-PH/9508211;%%",
}

@article{Lorenz:2014yda,
      author         = "Lorenz, I.T. and Mei{\ss}ner, Ulf-G. and Hammer, H. -W. and
                        Dong, Y. -B.",
      title          = "{Theoretical Constraints and Systematic Effects in the
                        Determination of the Proton Form Factors}",
      year           = "2014",
      eprint         = "1411.1704",
      archivePrefix  = "arXiv",
      primaryClass   = "hep-ph",
      SLACcitation   = "%%CITATION = ARXIV:1411.1704;%%",
}

@article{Lorenz:2014vha,
      author         = "Lorenz, I.T. and Mei{\ss}ner, Ulf-G.",
      title          = "{Reduction of the proton radius discrepancy by 3?}",
      journal        = "Phys.Lett.",
      volume         = "B737",
      pages          = "57-59",
      doi            = "10.1016/j.physletb.2014.08.010",
      year           = "2014",
      eprint         = "1406.2962",
      archivePrefix  = "arXiv",
      primaryClass   = "hep-ph",
      SLACcitation   = "%%CITATION = ARXIV:1406.2962;%%",
}

@article{Lorenz:2012tm,
      author         = "Lorenz, I.T. and Hammer, H.-W. and Meissner, Ulf-G.",
      title          = "{The size of the proton - closing in on the radius
                        puzzle}",
      journal        = "Eur.Phys.J.",
      volume         = "A48",
      pages          = "151",
      doi            = "10.1140/epja/i2012-12151-1",
      year           = "2012",
      eprint         = "1205.6628",
      archivePrefix  = "arXiv",
      primaryClass   = "hep-ph",
      SLACcitation   = "%%CITATION = ARXIV:1205.6628;%%",
}

@article{Bashir:2012fs,
      author         = "Bashir, Adnan and Chang, Lei and Cloet, Ian C. and
                        El-Bennich, Bruno and Liu, Yu-Xin and others",
      title          = "{Collective perspective on advances in Dyson-Schwinger
                        Equation QCD}",
      journal        = "Commun.Theor.Phys.",
      volume         = "58",
      pages          = "79-134",
      doi            = "10.1088/0253-6102/58/1/16",
      year           = "2012",
      eprint         = "1201.3366",
      archivePrefix  = "arXiv",
      primaryClass   = "nucl-th",
      SLACcitation   = "%%CITATION = ARXIV:1201.3366;%%",
}

@article{Cloet:2014rja,
      author         = "Clo‘t, Ian C. and Bentz, Wolfgang and Thomas, Anthony
                        W.",
      title          = "{Role of diquark correlations and the pion cloud in
                        nucleon elastic form factors}",
      journal        = "Phys.Rev.",
      volume         = "C90",
      pages          = "045202",
      doi            = "10.1103/PhysRevC.90.045202",
      year           = "2014",
      eprint         = "1405.5542",
      archivePrefix  = "arXiv",
      primaryClass   = "nucl-th",
      SLACcitation   = "%%CITATION = ARXIV:1405.5542;%%",
}

@article{Cloet:2013gva,
      author         = "Cloet, Ian C. and Roberts, Craig D. and Thomas, Anthony
                        W.",
      title          = "{Revealing dressed-quarks via the proton's charge
                        distribution}",
      journal        = "Phys.Rev.Lett.",
      volume         = "111",
      pages          = "101803",
      doi            = "10.1103/PhysRevLett.111.101803",
      year           = "2013",
      eprint         = "1304.0855",
      archivePrefix  = "arXiv",
      primaryClass   = "nucl-th",
      SLACcitation   = "%%CITATION = ARXIV:1304.0855;%%",
}
@article{Cloet:2013jya,
      author         = "Cloet, Ian C. and Roberts, Craig D.",
      title          = "{Explanation and Prediction of Observables using
                        Continuum Strong QCD}",
      journal        = "Prog.Part.Nucl.Phys.",
      volume         = "77",
      pages          = "1-69",
      doi            = "10.1016/j.ppnp.2014.02.001",
      year           = "2014",
      eprint         = "1310.2651",
      archivePrefix  = "arXiv",
      primaryClass   = "nucl-th",
      SLACcitation   = "%%CITATION = ARXIV:1310.2651;%%",
}

@article{Segovia:2013uga,
      author         = "Segovia, Jorge and Chen, Chen and Clo‘t, Ian C. and
                        Roberts, Craig D. and Schmidt, Sebastian M. and others",
      title          = "{Elastic and Transition Form Factors of the
                        $\Delta(1232)$}",
      journal        = "Few Body Syst.",
      volume         = "55",
      pages          = "1-33",
      doi            = "10.1007/s00601-013-0734-x",
      year           = "2014",
      eprint         = "1308.5225",
      archivePrefix  = "arXiv",
      primaryClass   = "nucl-th",
      SLACcitation   = "%%CITATION = ARXIV:1308.5225;%%",
}

@article{Segovia:2014aza,
year="{2014}",
issn="{0177-7963}",
journal="{Few-Body Systems}",
volume="{55}",
number="{12}",
doi="{10.1007/s00601-014-0907-2}",
title="{Nucleon and $\Delta$ Elastic and Transition Form Factors}",
url="{http://dx.doi.org/10.1007/s00601-014-0907-2}",
publisher="{Springer Vienna}",
author="{Segovia, Jorge and Clo\"et, Ian C. and Roberts, Craig D. and Schmidt, Sebastian M.}",
pages="{1185-1222}",
language="{English}",
}

@article{Alberico:2008sz,
      author         = "Alberico, W.M. and Bilenky, S.M. and Giunti, C. and
                        Graczyk, K.M.",
      title          = "{Electromagnetic form factors of the nucleon: New Fit and
                        analysis of uncertainties}",
      journal        = "Phys.Rev.",
      volume         = "C79",
      pages          = "065204",
      doi            = "10.1103/PhysRevC.79.065204",
      year           = "2009",
      eprint         = "0812.3539",
      archivePrefix  = "arXiv",
      primaryClass   = "hep-ph",
      SLACcitation   = "%%CITATION = ARXIV:0812.3539;%%",
}

@article{Hagler:2009ni,
      author         = "Hagler, Ph.",
      title          = "{Hadron structure from lattice quantum chromodynamics}",
      journal        = "Phys. Rept.",
      volume         = "490",
      pages          = "49-175",
      doi            = "10.1016/j.physrep.2009.12.008",
      year           = "2010",
      eprint         = "0912.5483",
      archivePrefix  = "arXiv",
      primaryClass   = "hep-lat",
      reportNumber   = "TUM-T39-09-12",
      SLACcitation   = "%%CITATION = ARXIV:0912.5483;%%",
}

@article{Kelly:2004hm,
      author         = "Kelly, J.J.",
      title          = "{Simple parametrization of nucleon form factors}",
      journal        = "Phys. Rev.",
      volume         = "C70",
      pages          = "068202",
      doi            = "10.1103/PhysRevC.70.068202",
      year           = "2004",
      SLACcitation   = "%%CITATION = PHRVA,C70,068202;%%",
}

@article{deDivitiis:2012vs,
      author         = "de Divitiis, G.M. and Petronzio, R. and Tantalo, N.",
      title          = "{On the extraction of zero momentum form factors on the
                        lattice}",
      journal        = "Phys. Lett.",
      volume         = "B718",
      pages          = "589-596",
      doi            = "10.1016/j.physletb.2012.10.035",
      year           = "2012",
      eprint         = "1208.5914",
      archivePrefix  = "arXiv",
      primaryClass   = "hep-lat",
      SLACcitation   = "%%CITATION = ARXIV:1208.5914;%%",
}

@article{Alexandrou:2013joa,
      author         = "Alexandrou, C. and Constantinou, M. and Dinter, S. and
                        Drach, V. and Jansen, K. and others",
      title          = "{Nucleon form factors and moments of generalized parton
                        distributions using $N_f=2+1+1$ twisted mass fermions}",
      journal        = "Phys. Rev.",
      number         = "1",
      volume         = "D88",
      pages          = "014509",
      doi            = "10.1103/PhysRevD.88.014509",
      year           = "2013",
      eprint         = "1303.5979",
      archivePrefix  = "arXiv",
      primaryClass   = "hep-lat",
      reportNumber   = "DESY-13-053, SFB-CPP-13-23",
      SLACcitation   = "%%CITATION = ARXIV:1303.5979;%%",
}

@article{Bhattacharya:2013ehc,
      author         = "Bhattacharya, Tanmoy and Cohen, Saul D. and Gupta, Rajan
                        and Joseph, Anosh and Lin, Huey-Wen and others",
      title          = "{Nucleon Charges and Electromagnetic Form Factors from
                        2+1+1-Flavor Lattice QCD}",
      journal        = "Phys. Rev.",
      volume         = "D89",
      pages          = "094502",
      doi            = "10.1103/PhysRevD.89.094502",
      year           = "2014",
      eprint         = "1306.5435",
      archivePrefix  = "arXiv",
      primaryClass   = "hep-lat",
      reportNumber   = "LA-UR-13-24606, NT@UW-13-23",
      SLACcitation   = "%%CITATION = ARXIV:1306.5435;%%",
}

@article{Green:2014xba,
      author         = "Green, J.R. and Negele, J.W. and Pochinsky, A.V. and
                        Syritsyn, S.N. and Engelhardt, M. and others",
      title          = "{Nucleon electromagnetic form factors from lattice QCD
                        using a nearly physical pion mass}",
      year           = "2014",
      eprint         = "1404.4029",
      archivePrefix  = "arXiv",
      primaryClass   = "hep-lat",
      reportNumber   = "MIT-CTP-4456, WUB-13-13, BNL-104912-2014-JA",
      SLACcitation   = "%%CITATION = ARXIV:1404.4029;%%",
}


@article{riordan:2010,
      author         = "Riordan, S. and Abrahamyan, S. and Craver, B. and
                        Kelleher, A. and Kolarkar, A. and others",
     title          = "{Measurements of the Electric Form Factor of the Neutron
                       up to $Q^2=3.4 GeV^2$ using the Reaction
                       $^3He^{->}(e^{->},e'n)pp$}",
      journal        = "Phys.Rev.Lett.",
      volume         = "105",
      pages          = "262302",
     doi            = "10.1103/PhysRevLett.105.262302",
      year           = "2010",
      eprint         = "1008.1738",
     archivePrefix  = "arXiv",
     primaryClass   = "nucl-ex",
     reportNumber   = "JLAB-PHY-10-1201",
     SLACcitation   = "%%CITATION = ARXIV:1008.1738;%%",
}
@article{dolph:2011,
      author         = "Dolph, P.A.M. and Singh, J. and Averett, T. and Kelleher,
                        A. and Mooney, K.E. and others",
      title          = "{Gas dynamics in high-luminosity polarized He-3 targets
                        using diffusion and convection}",
      journal        = "Phys.Rev.",
      volume         = "C84",
      pages          = "065201",
      doi            = "10.1103/PhysRevC.84.065201",
      year           = "2011",
      eprint         = "1107.1902",
      archivePrefix  = "arXiv",
      primaryClass   = "physics.ins-det",
      reportNumber   = "JLAB-PHY-11-1472",
      SLACcitation   = "%%CITATION = ARXIV:1107.1902;%%",
}
@article{bizot,
author = {Bizot, J.C.},
journal = {Phys.Rev.},
volume = {B140},
pages = {1387},
year = "1965"
}
@article{eyl:1995,
      author         = "Eyl, D. and Frey, A. and Andresen, H.G. and Annand,
                        J.R.M. and Aulenbacher, K. and others",
      title          = "{First measurement of the polarization transfer on the
                        proton in the reactions H (e (polarized), e-prime p
                        (polarized)) and D (e (polarized), e-prime p
                        (polarized))}",
      journal        = "Z.Phys.",
      volume         = "A352",
      pages          = "211-214",
      doi            = "10.1007/BF01298910",
      year           = "1995",
      SLACcitation   = "%%CITATION = ZEPYA,A352,211;%%",
}
@article{eden:1994,
      author         = "Eden, T. and Madey, R. and Zhang, W.M. and Anderson, B.D.
                        and Arenhovel, H. and others",
      title          = "{Electric form-factor of the neutron from the H-2 (e
                        (polarized), e-prime n (polarized) ) H-1 reaction at Q**2
                        = 0.255-(GeV/c)**2}",
      journal        = "Phys.Rev.",
      volume         = "C50",
      pages          = "1749-1753",
      doi            = "10.1103/PhysRevC.50.R1749",
      year           = "1994",
      reportNumber   = "CEBAF-PR-94-22",
      SLACcitation   = "%%CITATION = PHRVA,C50,1749;%%",
}

@article{beise:2004,
      author         = "Beise, E.J. and Pitt, M.L. and Spayde, D.T.",
      title          = "{The SAMPLE experiment and weak nucleon structure}",
      journal        = "Prog.Part.Nucl.Phys.",
      volume         = "54",
      pages          = "289-350",
      doi            = "10.1016/j.ppnp.2004.07.002",
      year           = "2005",
      eprint         = "nucl-ex/0412054",
      archivePrefix  = "arXiv",
      primaryClass   = "nucl-ex",
      SLACcitation   = "%%CITATION = NUCL-EX/0412054;%%",
}

@article{sick:2014,
      author         = "Sick, Ingo and Trautmann, Dirk",
      title          = "{Proton root-mean-square radii and electron scattering}",
      journal        = "Phys.Rev.",
      number         = "1",
      volume         = "C89",
      pages          = "012201",
      doi            = "10.1103/PhysRevC.89.012201",
      year           = "2014",
      eprint         = "1407.1676",
      archivePrefix  = "arXiv",
      primaryClass   = "nucl-ex",
      SLACcitation   = "%%CITATION = ARXIV:1407.1676;%%",
}

@article{sick:2003,
      author         = "Sick, Ingo",
      title          = "{On the RMS radius of the proton}",
      journal        = "Phys.Lett.",
      volume         = "B576",
      pages          = "62-67",
      doi            = "10.1016/j.physletb.2003.09.092",
      year           = "2003",
      eprint         = "nucl-ex/0310008",
      archivePrefix  = "arXiv",
      primaryClass   = "nucl-ex",
      SLACcitation   = "%%CITATION = NUCL-EX/0310008;%%",
}

@article{melnikov:2000,
      author         = "Melnikov, Kirill and van Ritbergen, Timo",
      title          = "{The Three loop slope of the Dirac form-factor and the S
                        Lamb shift in hydrogen}",
      journal        = "Phys.Rev.Lett.",
      volume         = "84",
      pages          = "1673-1676",
      doi            = "10.1103/PhysRevLett.84.1673",
      year           = "2000",
      eprint         = "hep-ph/9911277",
      archivePrefix  = "arXiv",
      primaryClass   = "hep-ph",
      reportNumber   = "SLAC-PUB-8281, TTP-99-44",
      SLACcitation   = "%%CITATION = HEP-PH/9911277;%%",
}

@article{antognini:2013,
      author         = "Antognini, Aldo and Kottmann, Franz and Biraben, Francois
                        and Indelicato, Paul and Nez, Francois and others",
      title          = "{Theory of the 2S-2P Lamb shift and 2S hyperfine
                        splitting in muonic hydrogen}",
      journal        = "Annals Phys.",
      volume         = "331",
      pages          = "127-145",
      doi            = "10.1016/j.aop.2012.12.003",
      year           = "2013",
      eprint         = "1208.2637",
      archivePrefix  = "arXiv",
      primaryClass   = "physics.atom-ph",
      SLACcitation   = "%%CITATION = ARXIV:1208.2637;%%",
}

@article{pohl:2013,
      author         = "Pohl, Randolf and Gilman, Ronald and Miller, Gerald A.
                        and Pachucki, Krzysztof",
      title          = "{Muonic hydrogen and the proton radius puzzle}",
      journal        = "Ann.Rev.Nucl.Part.Sci.",
      volume         = "63",
      pages          = "175-204",
      doi            = "10.1146/annurev-nucl-102212-170627",
      year           = "2013",
      eprint         = "1301.0905",
      archivePrefix  = "arXiv",
      primaryClass   = "physics.atom-ph",
      SLACcitation   = "%%CITATION = ARXIV:1301.0905;%%",
}

@article{diehl:2013,
      author         = "Diehl, Markus and Kroll, Peter",
      title          = "{Nucleon form factors, generalized parton distributions
                        and quark angular momentum}",
      journal        = "Eur.Phys.J.",
      volume         = "C73",
      pages          = "2397",
      doi            = "10.1140/epjc/s10052-013-2397-7",
      year           = "2013",
      eprint         = "1302.4604",
      archivePrefix  = "arXiv",
      primaryClass   = "hep-ph",
      reportNumber   = "DESY-13-025",
      SLACcitation   = "%%CITATION = ARXIV:1302.4604;%%",
}

@article{perdrisat:2006,
      author         = "Perdrisat, C.F. and Punjabi, V. and Vanderhaeghen, M.",
      title          = "{Nucleon Electromagnetic Form Factors}",
      journal        = "Prog.Part.Nucl.Phys.",
      volume         = "59",
      pages          = "694-764",
      doi            = "10.1016/j.ppnp.2007.05.001",
      year           = "2007",
      eprint         = "hep-ph/0612014",
      archivePrefix  = "arXiv",
      primaryClass   = "hep-ph",
      reportNumber   = "WM-06-115, JLAB-THY-06-595",
      SLACcitation   = "%%CITATION = HEP-PH/0612014;%%",
}
@article{arrington:2011,
      author         = "Arrington, John and de Jager, Kees and Perdrisat, Charles
                        F.",
      title          = "{Nucleon Form Factors: A Jefferson Lab Perspective}",
      journal        = "J.Phys.Conf.Ser.",
      volume         = "299",
      pages          = "012002",
      doi            = "10.1088/1742-6596/299/1/012002",
      year           = "2011",
      eprint         = "1102.2463",
      archivePrefix  = "arXiv",
      primaryClass   = "nucl-ex",
      reportNumber   = "JLAB-PHY-11-1315",
      SLACcitation   = "%%CITATION = ARXIV:1102.2463;%%",
}
@article{cloet:2008,
      author         = "Cloet, I.C. and Eichmann, G. and El-Bennich, B. and
                        Klahn, T. and Roberts, C.D.",
      title          = "{Survey of nucleon electromagnetic form factors}",
      journal        = "Few Body Syst.",
      volume         = "46",
      pages          = "1-36",
      doi            = "10.1007/s00601-009-0015-x",
      year           = "2009",
      eprint         = "0812.0416",
      archivePrefix  = "arXiv",
      primaryClass   = "nucl-th",
      reportNumber   = "NT@UW-08-23, PHY-12228-TH-2008",
      SLACcitation   = "%%CITATION = ARXIV:0812.0416;%%",
}
@article{scholar,
      author         = "Perdrisat, C.F. and Punjabi, V.",
      title          = "{Nucleon Form Factors}",
      volume         = "5(8):",
      pages          = "10204",
      year           = "2010",
      eprint         = "1410.6626",
      archivePrefix  = "arXiv",
      primaryClass   = "gr-qc",
      SLACcitation   = "%%CITATION = ARXIV:1410.6626;%%",
}
