@Article{hofs53,
    author	= {R. Hofstadter, H. R. Fechter and J. A. McIntyre},
    journal 	= {Phys. Rev.},
    volume 	= {92},
    year	= {1953},
    pages	= {978}
}
@Article{hofs55,
    author	= {R. Hofstadter and R. W. McAllister},
    journal	= {Phys. Rev.},
    volume 	= {98},
    year	= {1955},
    pages	= {217}
}
@Article{yearian,
    author	= {M. R. Yearian and R. Hofstadter, Phys. Rev. 110},
    year	= 1958,
    title	= {552}
}
@Article{rosenbluth,
    author	= {M. N. Rosenbluth, Phys. Rev.  79},
    year	= 1950,
    title	= {615}
}
@Article{jones,
    author	= {M. K. Jones, {\it et al.}, Jefferson Lab Hall A Collaboration, %``G(E(p))/G(M(p)) ratio by polarization transfer in  e(pol.) p $\to$ e %p(pol.),'' Phys.\ Rev.\ Lett.\ 84},
    year	= 2000,
    title	= {1398},
    note	= {%[arXiv:nucl-ex/9910005]. %%CITATION = NUCL-EX 9910005;%%}
}
@Article{gayou2,
    author	= {O. Gayou, {\it et al.}, Jefferson Lab Hall A Collaboration, %``Measurement of G(E(p))/G(M(p)) in e(pol.) p $\to$ e p(pol.) to Q**2 = %5.6-GeV**2,'' Phys.\ Rev.\ Lett.\ 88},
    year	= 2002,
    title	= {092301},
    note	= {%[arXiv:nucl-ex/0111010]. %%CITATION = NUCL-EX 0111010;%%}
}
@Article{punjabi05,
    author	= {V. Punjabi, {\it et al.}, %``Proton elastic form factor ratios to Q**2 = 3.5-GeV**2 by polarization %transfer,'' Phys.\ Rev.\ C  71},
    year	= 2005,
    title	= {055202},
    note	= {; Phys.\ Rev.\ C\ 71 ()  069902 (erratum). %[arXiv:nucl-ex/0501018]. %%CITATION = NUCL-EX 0501018;%%}
}
@Article{gao,
    author	= {H. Y.Gao, %``Nucleon electromagnetic form factors,'' Int.\ J.\ Mod.\ Phys.\ E 12},
    year	= 2003,
    title	= {1},
    note	= {; H.Y.Gao, Int.\ J.\ Mod.\ Phys.\ E 12 () 567 (erratum). %[arXiv:nucl-ex/0301002]. %%CITATION = NUCL-EX 0301002;%%}
}
@Article{charleskees,
    author	= {C. E. Hyde-Wright, K.~de Jager, %``Electromagnetic Form Factors of the Nucleon and Compton Scattering,'' Ann.\ Rev.\ Nucl.\ Part.\ Sci.\  54},
    year	= 2004,
    title	= {217},
    note	= {%[arXiv:nucl-ex/0507001]. %%CITATION = NUCL-EX 0507001;%%}
}
@Article{arrreview,
    author	= {C. E. Hyde-Wright, K.~de Jager, %``Electromagnetic Form Factors of the Nucleon and Compton Scattering,'' Ann.\ Rev.\ Nucl.\ Part.\ Sci.\  54},
    year	= 2004,
    title	= {J},
    note	= {Arrington, C.D. Roberts, J.M. Zanotti, arXiv:nucl-th/0611050 2006.}
}
@Article{Baldini:2005vn,
    author	= {R. Baldini, M.~Mirazita, S.~Pacetti, C.~Bini, P.~Gauzzi, M.~Negrini, %``What Can We Learn About The Ratio $|$G(P)(E)(Q**2)/G(P)(M)(Q**2)$|$ By %Using Space-Like, Time-Like Data And Dispersion Relations?,'' Nucl.\ Phys.\  A 755,},
    year	= 2005,
    title	= {286},
    note	= {%%CITATION = NUPHA,A755,286;%%}
}
@Article{Beise:2004py,
    author	= {E. J. Beise, M. L.~Pitt, D. T.~Spayde, %``The SAMPLE experiment and weak nucleon structure,'' Prog.\ Part.\ Nucl.\ Phys.\  54},
    year	= 2005,
    title	= {289},
    note	= {%[arXiv:nucl-ex/0412054]. %%CITATION = NUCL-EX 0412054;%%}
}
@Article{rose,
    author	= {M. E. Rose, Phys. Rev. 73},
    year	= 1947,
    title	= {279}
}
@Article{hofstad53,
    author	= {R. Hofstadter, H. R. Fechter, J. A. McIntyre, Phys. Rev.  91},
    year	= 1953,
    title	= {422}
}
@Article{hofst56,
    author	= {R. Hofstadter, Rev. Mod. Phys. 28},
    year	= 1956,
    title	= {214}
}
@Article{stern,
    author	= {O. Stern, Nature  132},
    year	= 1933,
    title	= {103}
}
@Article{schiff,
    author	= {L. I. Schiff, Stanford Microwave Laboratory, report no. 102,},
    year	= 1949,
    title	= {(unpublished)}
}
@Article{mcallis56,
    author	= {R. W. McAllister, R. Hofstadter, Phys. Rev. 102},
    year	= 1956,
    title	= {851}
}
@Article{hofst58,
    author	= {R. Hofstadter, F. Bumiller, M. R. Yearian,  Rev. Mod. Phys.  30},
    year	= 1958,
    title	= {482}
}
@Article{clementel,
    author	= {E. Clementel, C. Villi, Nuov. Cim  4},
    year	= 1956,
    title	= {1207}
}
@Article{rekalo,
    author	= {E. Clementel, C. Villi, Nuov. Cim  4},
    year	= 1956,
    title	= {M},
    note	= {P. Rekalo, E. Tomasi-Gustafsson, arXiv:nucl-th/0202025, 2002.}
}
@Article{foldy52,
    author	= {L. L. Foldy, Phys. Rev.  87},
    year	= 1952,
    title	= {688}
}
@Article{guichon,
    author	= {P. A.M. Guichon, M.~Vanderhaeghen, % ``How to reconcile the Rosenbluth and the polarization transfer method in %the measurement of the proton form factors,'' Phys.\ Rev.\ Lett.\   91},
    year	= 2003,
    title	= {142303},
    note	= {%[arXiv:hep-ph/0306007]. %%CITATION = HEP-PH 0306007;%%}
}
@Article{hofst60,
    author	= {P. A. M. Guichon, M.~Vanderhaeghen, % ``How to reconcile the Rosenbluth and the polarization transfer method in %the measurement of the proton form factors,'' Phys.\ Rev.\ Lett.\   91},
    year	= 2003,
    title	= {R},
    note	= {Hofstadter, Proc. of 9$^{th}$ Intern. Ann.  Conference on High Energy Physics Academy of Science USSR, Moscow, 1960,  vol. I, p. 355.}
}
@Article{bumiller,
    author	= {F. Bumiller, M. Croissiaux, R. Hofstadter,  Phys. Rev. Lett.  5},
    year	= 1960,
    title	= {261},
    note	= {;   R. Hofstadter, F. Bumiller, M. Croissiaux,   Phys. Rev. Lett.  5 () 263.}
}
@Article{yennie57,
    author	= {D. R. Yennie, M. M. L\'evy, D. G. Ravenhall, Rev. Mod. Phys.  29},
    year	= 1957,
    title	= {144}
}
@Article{ernst,
    author	= {F. J. Ernst, R. G. Sachs, K. C. Wali, Phys. Rev. 119},
    year	= 1960,
    title	= {1105}
}
@Article{walecka,
    author	= {J. D. Walecka, Nuovo Cimento  11},
    year	= 1959,
    title	= {821}
}
@Article{hand63,
    author	= {L. N. Hand, D. G. Miller, R. Wilson, Rev. Mod. Phys. 35},
    year	= 1963,
    title	= {335}
}
@Article{kelly02,
    author	= {J. J. Kelly,  Phys. Rev. C 66},
    year	= 2002,
    title	= {065203}
}
@Article{wilsonrr,
    author	= {R. R. Wilson, J. S.~Levinger, %``Structure Of The Proton,'' Ann.\ Rev.\ Nucl.\ Part.\ Sci.\  14},
    year	= 1964,
    title	= {135},
    note	= {%%CITATION = ARNUA,14,135;%%}
}
@Article{berger,
    author	= {Ch. Berger, {\it et al.}, Phys. Lett. B  35},
    year	= 1971,
    title	= {87}
}
@Article{bartel,
    author	= {W. Bartel, {\it et al.}, %``Measurement Of Proton And Neutron Electromagnetic Form-Factors At Squared %Four Momentum Transfers Up To 3-Gev/C**2,'' Nucl.\ Phys.\ B  58},
    year	= 1973,
    title	= {429},
    note	= {%%CITATION = NUPHA,B58,429;%%}
}
@Article{andivahis,
    author	= {L. Andivahis, {\it et al.}, %``Measurements of the electric and magnetic form-factors of the proton from %Q**2 = 1.75-GeV/c**2 to 8.83-GeV/c**2,'' Phys.\ Rev.\ D  50, 5491},
    year	= 1994,
    title	= {5491},
    volume	= {et al},
    note	= {; %%CITATION = PHRVA,D50,5491;%% P.~E. Bosted Phys. Rev. Lett.  68 (1992) 3841.}
}
@Article{price,
    author	= {L. E. Price, {\it et al.}, Phys. Rev. D  4},
    year	= 1971,
    title	= {45}
}
@Article{hanson,
    author	= {K. M. Hanson, {\it et al.}, Phys. Rev. D  8},
    year	= 1973,
    title	= {753}
}
@Article{litt,
    author	= {J. Litt, {\it et al.}, Phys. Lett. B  31},
    year	= 1970,
    title	= {40}
}
@Article{iach,
    author	= {F. Iachello, A. D. Jackson, A. Land\'e, Phys. Lett. B  43},
    year	= 1973,
    title	= {191}
}
@Article{hohler,
    author	= {G. H\"ohler, {\it et al.}, Nucl. Phys. B  114},
    year	= 1976,
    title	= {505}
}
@Article{gari,
    author	= {M. F. Gari, W. Kr\"umpelmann, Z. Phys. A  322},
    year	= 1985,
    title	= {689},
    note	= {;  Phys. Lett. B  274 (1992) 150;  Phys. Lett. B  282 (1992) 483(E).}
}
@Article{bork,
    author	= {F. Borkowski, G. G. Simon, V. H. Walther and R. D. Wendling, Nucl. Phys. B  93},
    year	= 1975,
    title	= {461}
}
@Article{simon,
    author	= {G. G. Simon, Ch. Schmitt, F. Borkowski, V. H. Walther, Nucl. Phys. A  333},
    year	= 1980,
    title	= {381}
}
@Article{walker,
    author	= {R. C. Walker, {\it et al.}, Phys. Rev. D  49},
    year	= 1994,
    title	= {5671}
}
@Article{christy,
    author	= {M. E. Christy, {\it et al.}, Phys. Rev. C  70},
    year	= 2004,
    title	= {015206}
}
@Article{qattan05,
    author	= {I. A. Qattan, {\it et al.}, %``Precision Rosenbluth measurement of the proton elastic form factors,'' Phys.\ Rev.\ Lett.\   94},
    year	= 2005,
    title	= {142301},
    note	= {%[arXiv:nucl-ex/0410010]. %%CITATION = NUCL-EX 0410010;%%}
}
@Article{janssens,
    author	= {T. Janssens, R. Hofstadter, E. B. Hughes, M. R. Yearian, Phys. Rev.  142},
    year	= 1966,
    title	= {922}
}
@Article{coward,
    author	= {D. H. Coward, {\it et al.}, Phys. Rev. Lett.  20},
    year	= 1968,
    title	= {292}
}
@Article{sill,
    author	= {A. F. Sill, {\it et al.}, %``Measurements of elastic electron - proton scattering at large momentum %transfer,'' Phys.\ Rev.\ D  48},
    year	= 1993,
    title	= {29},
    note	= {%%CITATION = PHRVA,D48,29;%%}
}
@Article{arnold1,
    author	= {R. G. Arnold, {\it et al.}, %``MEASUREMENT OF ELASTIC ELECTRON SCATTERING FROM THE PROTON AT HIGH MOMENTUM %TRANSFER,'' Phys.\ Rev.\ Lett.\   57},
    year	= 1986,
    title	= {174},
    note	= {%%CITATION = PRLTA,57,174;%%}
}
@Article{platchkov,
    author	= {S. Platchkov, {\it et al.}, Nucl. Phys.  A510},
    year	= 1990,
    title	= {740}
}
@Article{brodsky,
    author	= {S. J. Brodsky, G. R. Farrar, Phys. Rev. D  11},
    year	= 1975,
    title	= {1309}
}
@Article{schwinger,
    author	= {J. Schwinger, Phys. Rev. Lett.  19},
    year	= 1967,
    title	= {1154}
}
@Article{fermi,
    author	= {E. Fermi, L. Marshall, Phys. Rev.  72},
    year	= 1947,
    title	= {1139}
}
@Article{gourdin,
    author	= {M. Gourdin, Nuov. Cim.  33},
    year	= 1963,
    title	= {533},
    note	= {;  32E (1964) 493.}
}
@Article{galster,
    author	= {S. Galster, {\it et al.}, Nucl. Phys.  B32},
    year	= 1971,
    title	= {221}
}
@Article{mcintyre,
    author	= {J. A. McIntyre, S. Dhar, Phys. Rev.  106},
    year	= 1957,
    title	= {1074}
}
@Article{friedman,
    author	= {J. I. Friedman, H. W. Kendall, P. A.M. Gram, Phys. Rev. 120},
    year	= 1960,
    title	= {992}
}
@Article{drickey,
    author	= {D. J. Drickey, L. N. Hand, Phys. Rev. Lett.  9},
    year	= 1962,
    title	= {521}
}
@Article{benaksas,
    author	= {D. Benaksas, D. Drikey, D. Frerejacque, Phys. Rev. Lett. {\bf 13}},
    year	= 1964,
    title	= {353},
    note	= {; D. Benaksas, D. Drikey, D. Frerejacque, Phys. Rev. 148 (1966) 1327.}
}
@Article{grossetetel,
    author	= {B. Grosset$\hat{\mathrm e}$te, D. Drickey, P. Lehmann, Phys. Rev.  141},
    year	= 1966,
    title	= {1425}
}
@Article{hamada,
    author	= {T. Hamada, J. D. Johnston, Nucl. Phys. 34},
    year	= 1962,
    title	= {382}
}
@Article{feshbach,
    author	= {H. Feshbach, E. Lomon, Rev. Mod. Phys. 39},
    year	= 1967,
    title	= {611}
}
@Article{koester,
    author	= {L. Koester, W. Nistler, W. Waschkowski, Phys. Rev. Lett.  36},
    year	= 1976,
    title	= {1021}
}
@Article{hughes,
    author	= {E. B. Hughes, T. A. Griffy, M. E. Yearian, R. Hofstadter,  Phys. Rev.  139},
    year	= 1965,
    title	= {B458}
}
@Article{grossetete,
    author	= {B. Grosset$\hat{\mathrm e}$te, S. Julian, P. Lehmann,  Phys. Rev.  141},
    year	= 1966,
    title	= {1435}
}
@Article{budnitz,
    author	= {R. G. Budnitz, {\it et al}, Phys. Rev. 173},
    year	= 1968,
    title	= {1357}
}
@Article{dunning,
    author	= {J. R. Dunning, {\it et al}, Phys. Rev.  141},
    year	= 1966,
    title	= {1286}
}
@Article{stein,
    author	= {P. Stein, M. Binkley, A. Suri, W. Woodward, Phys. Rev. Lett. 16},
    year	= 1966,
    title	= {592}
}
@Article{rock,
    author	= {S. Rock, {\it et al.}, Phys. Rev D  46},
    year	= 1992,
    title	= {24},
    note	= {; S. Rock, {\it et al.}, %``Measurement Of Elastic Electron - Neutron Cross-Sections Up To Q**2 = %10-(Gev/C)**2,'' Phys.\ Rev.\ Lett.\  49 (1982) 1139. %%CITATION = PRLTA,49,1139;%%}
}
@Article{lung,
    author	= {A. Lung, {\it et al.}, %``Measurements of the electric and magnetic form-factors of the neutron from %Q**2 = 1.75-GeV/c**2 to 4-GeV/c**2,'' Phys.\ Rev.\ Lett.\   70},
    year	= 1993,
    title	= {718},
    note	= {%%CITATION = PRLTA,70,718;%%}
}
@Article{marko,
    author	= {P. Markowitz, {\it et al.}, %``Measurement Of The Magnetic Form-Factor Of The Neutron,'' Phys.\ Rev.\ C  48},
    year	= 1993,
    title	= {5},
    note	= {%%CITATION = PHRVA,C48,5;%%}
}
@Article{anklin,
    author	= {H. Anklin, {\it et al.}, Phys. Lett. B  336},
    year	= 1994,
    title	= {313}
}
@Article{bruins,
    author	= {E. E.W. Bruins, {\it et al.}, Phys. Rev. Lett. 75},
    year	= 1995,
    title	= {21}
}
@Article{anklin2,
    author	= {H. Anklin, {\it et al.}, %``Precise Measurements Of The Neutron Magnetic Form Factor,'' Phys.\ Lett.\ B  428},
    year	= 1998,
    title	= {248},
    note	= {%%CITATION = PHLTA,B428,248;%%}
}
@Article{kubon,
    author	= {G. Kubon, {\it et al.}, %``Precise neutron magnetic form factors,'' Phys.\ Lett.\ B 524},
    year	= 2002,
    title	= {26},
    note	= {%[arXiv:nucl-ex/0107016]. %%CITATION = NUCL-EX 0107016;%%}
}
@Article{brooks,
    author	= {W. K. Brooks, J. D.~Lachniet, CLAS Collaboration, %``Precise determination of the neutron magnetic form factor to higher Q**2,'' Nucl.\ Phys.\ A  755},
    year	= 2005,
    title	= {261},
    note	= {; %[arXiv:nucl-ex/0504028]. %%CITATION = NUCL-EX 0504028;%%,  J.D. Lachniet, %''A High Precision Measurement of the Neutron Magnetic Form Factor  %using the CLAS Detector''%  PhD thesis, Carnegie Mellon Univesity, unpublished, .}
}
@Article{jourdan,
    author	= {J. Jourdan, I. Sick, J. Zhao,  comment in Phys. Rev. Lett. 79},
    year	= 1997,
    title	= {5186}
}
@Article{bruins1,
    author	= {E. E.W. Bruins, {\it et al.}, Phys. Rev. Lett. 79},
    year	= 1997,
    title	= {5187}
}
@Article{murphy,
    author	= {J. J. Murphy, Y. M. Shin, D. M. Skopik Phys. Rev. {\bf C9}},
    year	= 1974,
    title	= {2125}
}
@Article{goitein,
    author	= {M. Goitein, {\it et al.}, Phys. Rev. Lett. 18},
    year	= 1967,
    title	= {1016},
    note	= {; M. Goitien, J.R. Dunning Jr., R Wilson, Phys. Rev. Lett. 18 () 1018.   %\cite{Akhiezer:1968ek}}
}
@Article{akh1,
    author	= {A.~I.~Akhiezer and M.~P.~Rekalo, %``Polarization phenomena in electron scattering by protons in the high energy %region,'' Sov.\ Phys.\ Dokl.\   13},
    year	= 1968,
    title	= {572},
    note	= {;  Dokl.\ Akad.\ Nauk Ser.\ Fiz.\  180 () 1081. %%CITATION = DANKA,180,1081;%%  %\cite{Akhiezer:1974em}}
}
@Article{akh2,
    author	= {A.~I.~Akhiezer and M.~P.~Rekalo, %``Polarization effects in the scattering of leptons by hadrons,'' Sov.\ J.\ Part.\ Nucl.\   4},
    year	= 1974,
    title	= {277},
    note	= {; Fiz.\ Elem.\ Chast.\ Atom.\ Yadra  4 (1973) 662. %%CITATION = FECAA,4,662;%%}
}
@Article{dombey,
    author	= {N. Dombey, Rev. Mod. Phys. 41},
    year	= 1969,
    title	= {236}
}
@Article{arnold,
    author	= {R. G. Arnold, C. E. Carlson, F. Gross, Phys. Rev. C  23},
    year	= 1981,
    title	= {363}
}
@Article{donnelly,
    author	= {T. W. Donnelly, A. S. Raskin, Ann. Phys. 169},
    year	= 1986,
    title	= {247}
}
@Article{raskin,
    author	= {A. S. Raskin, T. W. Donnelly, Ann. Phys. 191},
    year	= 1986,
    title	= {78}
}
@Article{alguard,
    author	= {M. J. Alguard, {\it et al.}, %``Elastic scattering of polarized electrons by polarized protons,'' Phys.\ Rev.\ Lett.\   37},
    year	= 1976,
    title	= {1258},
    note	= {%%CITATION = PRLTA,37,1258;%%}
}
@Article{milbrath,
    author	= {B. D. Milbrath,{\it et al.}, Bates FPP collaboration, % ``A comparison of polarization observables in electron scattering from  the %proton and deuteron,'' Phys.\ Rev.\ Lett.\   80},
    year	= 1998,
    title	= {452},
    note	= {; Phys.\ Rev.\ Lett.\  82 (1999) 2221 (erratum). %[arXiv:nucl-ex/9712006]. %%CITATION = NUCL-EX 9712006;%%}
}
@Article{barkhuff,
    author	= {D. Barkhuff, {\it et al.}, Phys. Lett. 470},
    year	= 1999,
    title	= {39}
}
@Article{pospischil,
    author	= {Th. Pospischil, {\it et al.}, Eur. Phys. J. A  12},
    year	= 2001,
    title	= {125}
}
@Article{dietrich,
    author	= {S. Dietrich, {\it et al.}, Phys. Lett. B  500},
    year	= 2001,
    title	= {47}
}
@Article{crawford,
    author	= {C. B. Crawford, {\it et al.}, %``Measurement of the proton electric to magnetic form factor ratio from %H-1(pol.)(e(pol.),e' p),'' Phys. Rev. Lett.  98},
    year	= 2007,
    title	= {052301},
    note	= {%arXiv:nucl-ex/0609007. %%CITATION = NUCL-EX 0609007;%%}
}
@Article{gayou1,
    author	= {O. Gayou, {\it et al.}, %``Measurements of the elastic electromagnetic form factor ratio mu pGEp/GMp via %polarization transfer,'' Phys.\ Rev.\ C  64},
    year	= 2001,
    title	= {038202},
    note	= {%%CITATION = PHRVA,C64,038202;%%}
}
@Article{strauch,
    author	= {S. Strauch, {\it et al.}, Phys. Rev. Lett. 91},
    year	= 2003,
    title	= {052301}
}
@Article{hu,
    author	= {B. Hu, {\it et al.}, Phys. Rev. C 73},
    year	= 2006,
    title	= {064004}
}
@Article{mac,
    author	= {G. MacLachlan, {\it et al.}, Nucl. Phys. A  764},
    year	= 2006,
    title	= {261},
    note	= {%\cite{Alcorn:2004sb}}
}
@Article{nimhallA,
    author	= {J.~Alcorn {\it et al.}, %``Basic Instrumentation For Hall A At Jefferson Lab,'' Nucl.\ Instrum.\ Meth.\  A  522},
    year	= 2004,
    title	= {294},
    note	= {%%CITATION = NUIMA,A522,294;%%}
}
@Article{spinka,
    author	= {H. Spinka, {\it et al.}, %``Beam Polarization At The Zgs,'' Nucl.\ Instrum.\ Meth.\  211},
    year	= 1983,
    title	= {239},
    note	= {%%CITATION = NUIMA,211,239;%%}
}
@Article{dmiller,
    author	= {D. Miller, {\it et al.}, Phys. Rev. D 16},
    year	= 1977,
    title	= {2016}
}
@Article{cheung,
    author	= {N. E. Cheung, {\it et al.}, %``Calibration of the polarimeter POMME at proton energies between 1.05-GeV %and 2.4-GeV,'' Nucl.\ Instrum.\ Meth.\ A  363},
    year	= 1995,
    title	= {561},
    note	= {%%CITATION = NUIMA,A363,561;%%}
}
@Article{bertz,
    author	= {M. Bertz M. and COSY INFINITY version 7, NSCL Tech. Rep., MSUCL-977,  Michigan State University},
    year	= 1995,
    title	= {1995}
}
@Article{pentchev,
    author	= {M. Bertz M. and COSY INFINITY version 7, NSCL Tech. Rep., MSUCL-977,  Michigan State University},
    year	= 1995,
    title	= {L},
    pages	= {03--024},
    note	= {Pentchev, JLab Technical Note No. TN-2003.}
}
@Article{Jones06,
    author	= {M. K. Jones, {\it et al.}, Jefferson Lab Resonance Spin Structure Collaboration, %``Proton G(E)/G(M) from beam-target asymmetry,'' Phys.\ Rev.\ C 74},
    year	= 2006,
    title	= {035201},
    note	= {%[arXiv:nucl-ex/0606015]. %%CITATION = NUCL-EX 0606015;%%}
}
@Article{arring03,
    author	= {J. Arrington J. and %``How well do we know the electromagnetic form factors of the proton?,'' Phys.\ Rev.\ C 68},
    year	= 2003,
    title	= {034325},
    note	= {%  [arXiv:nucl-ex/0305009]. %%CITATION = NUCL-EX 0305009;%%}
}
@Article{afanbrod,
    author	= {A. V. Afanasev, S. J.~Brodsky, C. E.~Carlson, Y. C.~Chen, M.~Vanderhaeghen, Phys.\ Rev.\ D 72},
    year	= 2005,
    title	= {013008},
    note	= {%%CITATION = HEP-PH 0502013;%%}
}
@Article{blunden,
    author	= {P. G. Blunden, W.~Melnitchouk, J. A.~Tjon, %``Two-photon exchange and elastic electron proton scattering,'' Phys.\ Rev.\ Lett.\  91},
    year	= 2003,
    title	= {142304},
    note	= {;  %[arXiv:nucl-th/0306076]. %%CITATION = NUCL-TH 0306076;%% Phys. Rev. C 72 (2005) 034612.}
}
@Article{bystrit,
    author	= {Bystritskiy Yu.~M., E.~A.~Kuraev and E.~Tomasi-Gustafsson, % ``Application of the structure function method to polarized and unpolarized %electron proton scattering,'' Phys. Rev.C 75},
    year	= 2007,
    title	= {015207},
    note	= {%arXiv:hep-ph/0603132. %%CITATION = HEP-PH 0603132;%%}
}
@Article{lubomir,
    author	= {Bystritskiy Yu.~M., E.~A.~Kuraev and E.~Tomasi-Gustafsson, % ``Application of the structure function method to polarized and unpolarized %electron proton scattering,'' Phys. Rev.C 75},
    year	= 2007,
    title	= {R},
    pages	= {04--019},
    note	= {Gilman, L. Pentchev, C.F. Perdrisat, R. Suleiman, {\it et al.}, JLab Proposal2004.}
}
@Article{arring05,
    author	= {Bystritskiy Yu.~M., E.~A.~Kuraev and E.~Tomasi-Gustafsson, % ``Application of the structure function method to polarized and unpolarized %electron proton scattering,'' Phys. Rev.C 75},
    year	= 2007,
    title	= {J},
    pages	= {05--017},
    note	= {Arrington, {\it et al.}, JLab proposal E2005.}
}
@Article{eden,
    author	= {T. Eden, {\it et al.}, Phys Rev. C 50},
    year	= 1994,
    title	= {1749}
}
@Article{arenhovel,
    author	= {H. Arenh\"ovel, Phys. Lett. B 199},
    year	= 1987,
    title	= {13},
    note	= {; H. Arenh\"ovel,  W. Leidemann, E. L. Tomusiak, Z. Phys. A 331 (1988) 123.}
}
@Article{rekalo2,
    author	= {M. P. Rekalo, G. I. Gakh, A. P. Rekalo, J. Phys. G 15},
    year	= 1989,
    title	= {1223}
}
@Article{laget,
    author	= {J. M. Laget, %``On the measurement of the neutron electric form-factor,'' Phys.\ Lett.\ B {\bf 273}},
    year	= 1991,
    title	= {367},
    note	= {%%CITATION = PHLTA,B273,367;%%}
}
@Article{herberg,
    author	= {C. Herberg, {\it et al.}, %``Determination Of The Neutron Electric Form Factor In The D(E,E' N)P  Reaction %And The Influence Of Nuclear Binding,'' Eur.\ Phys.\ J.\ A {\bf 5}},
    year	= 1999,
    title	= {131},
    note	= {%%CITATION = EPHJA,A5,131;%%}
}
@Article{ostrick,
    author	= {M. Ostrick, {\it et al.}, %``Measurement Of The Neutron Electric Form Factor G(E,N) In The  Quasifree %H-2(E(Pol.),E' N(Pol.))P Reaction,'' Phys.\ Rev.\ Lett.\  {\bf 83}},
    year	= 1999,
    title	= {276},
    note	= {%%CITATION = PRLTA,83,276;%%}
}
@Article{glazier,
    author	= {D. Glazier, {\it et al.}, Eur. Phys.J. A {\bf 24}},
    year	= 2005,
    title	= {101}
}
@Article{madey,
    author	= {R. Madey, {\it et al.}, E93-038 Collaboration, %``Measurements of G(E)(n)/G(M)(n) from the H-2(e(pol.),e' n(pol.)) H-1 reaction %to Q**2= 1.45-(GeV/c)**2,'' Phys.\ Rev.\ Lett.\  {\bf 91}},
    year	= 2003,
    title	= {122002},
    note	= {%[arXiv:nucl-ex/0308007]. %%CITATION = NUCL-EX 0308007;%%}
}
@Article{plaster,
    author	= {B. Plaster, {\it et al.},   %[Jefferson Laboratory E93-038 Collaboration], %  ``Measurements of the neutron electric to magnetic form factor ratio % G(E(n))/G(M(n)) via the H-2(e(pol.),e' n(pol.))H-1 reaction to Q**2 = %1.45-(GeV/c)**2,'' Phys.\ Rev.\ C {\bf 73}},
    year	= 2006,
    title	= {025205},
    note	= {%[arXiv:nucl-ex/0511025]. %%CITATION = NUCL-EX 0511025;%%}
}
@Article{passchier,
    author	= {I. Passchier, {\it et al.}, %``The charge form factor of the neutron from the reaction  H-2(pol.)(e(pol.),e' %n)p,'' Phys.\ Rev.\ Lett.\  82},
    year	= 1999,
    title	= {4988},
    note	= {%[arXiv:nucl-ex/9907012]. %%CITATION = NUCL-EX 9907012;%%}
}
@Article{zhu,
    author	= {H. Zhu, {\it et al.}, %``A measurement of the electric form-factor of the neutron through %d(pol.)(e(pol.),e' n)p at Q**2 = 0.5-(GeV/c)**2,'' Phys.\ Rev.\ Lett.\   87},
    year	= 2001,
    title	= {081801},
    note	= {%[arXiv:nucl-ex/0105001]. %%CITATION = NUCL-EX 0105001;%%}
}
@Article{warren,
    author	= {G. Warren, {\it et al.}, Jefferson Lab E93-026 Collaboration, %``Measurement of the electric form factor of the neutron at Q**2 = 0.5-GeV/c**2 %and 1.0-GeV/c**2,'' Phys.\ Rev.\ Lett.\  92},
    year	= 2004,
    title	= {042301},
    note	= {%[arXiv:nucl-ex/0308021]. %%CITATION = NUCL-EX 0308021;%%}
}
@Article{blankleider,
    author	= {B. Blankleider, R. M.~Woloshyn, %``Quasielastic Scattering Of Polarized Electrons On Polarized He-3,'' Phys.\ Rev.\ C 29},
    year	= 1984,
    title	= {538},
    note	= {%%CITATION = PHRVA,C29,538;%%}
}
@Article{cejones,
    author	= {C. E. Jones-Woodward, {\it et al.}, %  ``Determination of the neutron electric form-factor in quasielastic %scattering of polarized electrons from polarized He-3,'' Phys.\ Rev.\ C 44},
    year	= 1991,
    title	= {571},
    note	= {%%CITATION = PHRVA,C44,571;%%}
}
@Article{thompson,
    author	= {A. K. Thompson, {\it et al.}, %``Quasielastic scattering of polarized electrons from polarized He-3 and %measurement of the neutron's form-factors,'' Phys.\ Rev.\ Lett.\  68},
    year	= 1992,
    title	= {2901},
    note	= {%%CITATION = PRLTA,68,2901;%%%CITATION = ANUPB,13,1;%%}
}
@Article{meyerhoff,
    author	= {M. Meyerhoff, {\it et al.}, Phys. Lett. B 327},
    year	= 1994,
    title	= {201}
}
@Article{becker,
    author	= {J. Becker, {\it et al.}, %``Determination Of The Neutron Electric Form Factor From The Reaction %He-3(E,E' N) At Medium Momentum Transfer,'' Eur.\ Phys.\ J.\ A  6},
    year	= 1999,
    title	= {329},
    note	= {%%CITATION = EPHJA,A6,329;%%}
}
@Article{rohe,
    author	= {D. Rohe, {\it et al.}, %``Measurement Of The Neutron Electric Form Factor G(En) At  0.67-(Gev/C)**2 Via %He-3(Pol.)(E(Pol.),E' N),'' Phys.\ Rev.\ Lett.\  83},
    year	= 1999,
    title	= {4257},
    note	= {%%CITATION = PRLTA,83,4257;%%}
}
@Article{bermuth,
    author	= {J. Bermuth, {\it et al.}, % ``The neutron charge form factor and target analyzing powers from %He-3(pol.)(e(pol.),e' n) scattering,'' Phys.\ Lett.\ B 564},
    year	= 2003,
    title	= {199},
    note	= {%[arXiv:nucl-ex/0303015]. %%CITATION = NUCL-EX 0303015;%%}
}
@Article{golak,
    author	= {J. Golak, {\it et al.}, Phys Rev. C 63},
    year	= 2001,
    title	= {034006}
}
@Article{abbott,
    author	= {D. Abbott, {\it et al}, Phys. Rev. Lett. 82},
    year	= 1999,
    title	= {1379}
}
@Article{schiavil,
    author	= {R. Schiavilla, I.~Sick, %``Neutron charge form factor at large q**2,'' Phys.\ Rev.\ C 64},
    year	= 2001,
    title	= {041002},
    note	= {%[arXiv:nucl-ex/0107004]. %%CITATION = NUCL-EX 0107004;%%}
}
@Article{gao1,
    author	= {H. Y. Gao, {\it et al.}, Phys Rev. C 50},
    year	= 1994,
    title	= {R546}
}
@Article{anderson,
    author	= {B. Anderson, {\it et al.}, Jefferson Lab E95-001 Collaboration, %``Extraction of the neutron magnetic form factor from quasi-elastic %He-3(pol.)(e(pol.),e') at Q**2 = 0.1-(GeV/c)**2 - 0.6-(GeV/c)**2,'' Phys. Rev. C 75},
    year	= 2007,
    title	= {034003},
    note	= {%%CITATION = NUCL-EX 0605006;%%}
}
@Article{xu00,
    author	= {W. Xu, {\it et al.}, %``The transverse asymmetry A(T') from quasielastic polarized %He-3(pol.)(e(pol.),e') process and the neutron magnetic form factor,'' Phys.\ Rev.\ Lett.\  85},
    year	= 2000,
    title	= {2900},
    note	= {%[arXiv:nucl-ex/0008003]. %%CITATION = NUCL-EX 0008003;%%}
}
@Article{xu02,
    author	= {W. Xu, {\it et al.}, Phys. Rev. C 67},
    year	= 2003,
    title	= {012201}
}
@Article{kelly04,
    author	= {J. J. Kelly, Phys. Rev. C 70},
    year	= 2004,
    title	= {068202}
}
@Article{reid,
    author	= {R. V. Reid, Ann. of Phys. 50},
    year	= 1968,
    title	= {411}
}
@Article{lacombe,
    author	= {M. Lacombe, Phys Lett. 101},
    year	= 1981,
    title	= {1439}
}
@Article{wiringa,
    author	= {R. R. Wiringa,A. S. Smith, T. A. Ainsworth,  Phys. Rev. C 29},
    year	= 1984,
    title	= {1207}
}
@Article{brash,
    author	= {E. J. Brash, A.~Kozlov, S. Li, G. M.~Huber, %``New empirical fits to the proton electromagnetic form factors,'' Phys.\ Rev.\ C 65},
    year	= 2002,
    title	= {051001},
    note	= {%[arXiv:hep-ex/0111038]. %%CITATION = HEP-EX 0111038;%%}
}
@Article{tomasi1,
    author	= {E. Tomasi-Gustafsson, G. I.~Gakh, % ``Search for evidence of two photon contribution in elastic electron  proton %data,'' Phys.\ Rev.\ C 72},
    year	= 2005,
    title	= {015209},
    note	= {%[arXiv:hep-ph/0412137]. %%CITATION = HEP-PH 0412137;%%}
}
@Article{bosted95,
    author	= {P. E. Bosted, %``An Empirical fit to the nucleon electromagnetic form-factors,'' Phys.\ Rev.\ C 51},
    year	= 1995,
    title	= {409},
    note	= {%%CITATION = PHRVA,C51,409;%%}
}
@Article{cates,
    author	= {P. E. Bosted, %``An Empirical fit to the nucleon electromagnetic form-factors,'' Phys.\ Rev.\ C 51},
    year	= 1995,
    title	= {G},
    volume	= {et al},
    pages	= {02--13},
    note	= {Cates, K. McCormick, B. Reitz, B. Wojtsekhowski %``Measurement of the Neutron Electric Form Factor $G_{En}$ at High $Q^2$'',  JLab proposal2002.}
}
@Article{afanasev4,
    author	= {P. E. Bosted, %``An Empirical fit to the nucleon electromagnetic form-factors,'' Phys.\ Rev.\ C 51},
    year	= 1995,
    title	= {A},
    pages	= {04--116},
    note	= {V. Afanasev, J. Arrington, W. Brooks, K. Joo, B. Raue, L. Weinstein, {\it et al.}, JLab proposal E2004.}
}
@Article{todd,
    author	= {P. E. Bosted, %``An Empirical fit to the nucleon electromagnetic form-factors,'' Phys.\ Rev.\ C 51},
    year	= 1995,
    title	= {T},
    pages	= {05--015},
    note	= {Averett, J.P. Chen, X. Jiang, {\it et al.}, JLab experiment E-2005.}
}
@Article{wells,
    author	= {S. P. Wells, {\it et al}, Phys. Rev. C 63},
    year	= 2001,
    title	= {064001}
}
@Article{maas,
    author	= {F. E. Maas, {\it et al}, Phys. Rev. Lett. 94},
    year	= 2005,
    title	= {082001}
}
@Article{tsai1,
    author	= {Y. S. Tsai, Phys. Rev. 122},
    year	= 1961,
    title	= {1898}
}
@Article{motsai,
    author	= {L. W. Mo, Y. S. Tsai, Rev. Mod. Phys. 41},
    year	= 1969,
    title	= {205}
}
@Article{tsai2,
    author	= {L. W. Mo, Y. S. Tsai, Rev. Mod. Phys. 41},
    year	= 1969,
    title	= {Y},
    note	= {S. Tsai, SLAC report, no. SLAC-PUB-848. 1971 (unpublished).}
}
@Article{maxtjon,
    author	= {L. C. Maximon, J. A. Tjon, Phys. Rev. C  62},
    year	= 2000,
    title	= {054320}
}
@Article{vdh00,
    author	= {M. Vanderhaeghen, J. M.~Friedrich, D.~Lhuillier, D.~Marchand, L.~Van Hoorebeke, J.~Van de Wiele, %``QED radiative corrections to virtual Compton scattering,'' Phys.\ Rev.\ C 62},
    year	= 2000,
    title	= {025501},
    note	= {%[arXiv:hep-ph/0001100]. %%CITATION = HEP-PH 0001100;%%}
}
@Article{ent,
    author	= {R. Ent, B. W. Fillipone, N. C.R. Makins, R. G. Milner, T. G. O'Neill,  D. A. Wasson, Phys. Rev. C 64},
    year	= 2001,
    title	= {054610}
}
@Article{weissbach,
    author	= {F. Weissbach, K.~Hencken, D.~Rohe, I.~Sick, D.~Trautmann, % ``Radiative corrections for (e,e' p) experiments: Going beyond the  peaking %approximation,'' Eur. Phys. J. A 30},
    year	= 2006,
    title	= {477},
    note	= {%%CITATION = NUCL-TH 0411033;%%}
}
@Article{afanasev05,
    author	= {F. Weissbach, K.~Hencken, D.~Rohe, I.~Sick, D.~Trautmann, % ``Radiative corrections for (e,e' p) experiments: Going beyond the  peaking %approximation,'' Eur. Phys. J. A 30},
    year	= 2006,
    title	= {A},
    pages	= {15--17},
    note	= {V. Afanasev, presentation at the  Workshop on Precision ElectroWeak Interactions held at William and  Mary, Williamsburg, VA, USAAugust 2005.}
}
@Article{egle,
    author	= {F. Weissbach, K.~Hencken, D.~Rohe, I.~Sick, D.~Trautmann, % ``Radiative corrections for (e,e' p) experiments: Going beyond the  peaking %approximation,'' Eur. Phys. J. A 30},
    year	= 2006,
    title	= {E},
    note	= {Tomasi-Gustafsson, private communication, .}
}
@Article{arrsick,
    author	= {J. Arrington, I.~Sick, %``Coulomb distortion in high-Q**2 elastic e p scattering,'' Phys.\ Rev.\  C 70},
    year	= 2004,
    title	= {028203},
    note	= {%[arXiv:nucl-ex/0406014]. %%CITATION = PHRVA,C70,028203;%%}
}
@Article{Kondratyuk:2005kk,
    author	= {S. Kondratyuk, P. G.~Blunden, W.~Melnitchouk, J. A.~Tjon, Phys.\ Rev.\ Lett.\  95},
    year	= 2005,
    title	= {172503}
}
@Article{chen,
    author	= {Y. C. Chen, A. Afanasev, S. J. Brodsky, C. E. Carlson, M. Vanderhaeghen, Phys.\ Rev.\ Lett.\  93},
    year	= 2004,
    title	= {122301},
    note	= {%%CITATION = HEP-PH 0403058;%%}
}
@Article{afanasev,
    author	= {A. V. Afanasev, I. Akushevich, A. Ilyichev, N. P. Merenkov,  Phys. Lett. B 514},
    year	= 2001,
    title	= {269}
}
@Article{brodlep,
    author	= {G. P. Lepage, S. J.~Brodsky, %``Exclusive Processes In Perturbative Quantum Chromodynamics,'' Phys.\ Rev.\ D 22},
    year	= 1980,
    title	= {2157},
    note	= {%%CITATION = PHRVA,D22,2157;%%}
}
@Article{lomon,
    author	= {Lomon E.~L., Phys. Rev. C 64},
    year	= 2001,
    title	= {035204}
}
@Article{bijker,
    author	= {R. Bijker, F. Iachello, Phys, Rev. C 69},
    year	= 2004,
    title	= {068201}
}
@Article{frazer,
    author	= {W. R. Frazer, J. R.~Fulco, %``Effect of a pion pion scattering resonance on nucleon structure,'' Phys.\ Rev.\ Lett.\  {\bf 2}},
    year	= 1959,
    title	= {365},
    note	= {;  %%CITATION = PRLTA,2,365;%% Phys.\ Rev.\ 117 (1960) 1609.}
}
@Article{hohlerpiet,
    author	= {G. H\"ohler, E.~Pietarinen, %``The Rho N N Vertex In Vector Dominance Models,'' Nucl.\ Phys.\ B 95},
    year	= 1975,
    title	= {210},
    note	= {%%CITATION = NUPHA,B95,210;%%}
}
@Article{mergell,
    author	= {Mergell P. and U. G. Meissner, D. Drechsel, Nucl. Phys. A 596},
    year	= 1996,
    title	= {367}
}
@Article{hmd96,
    author	= {H. W. Hammer, U. G.~Meissner, D.~Drechsel, % ``Dispersion-theoretical analysis of the nucleon electromagnetic form %factors: Inclusion of time-like data,'' Phys.\ Lett.\ B 385},
    year	= 1996,
    title	= {343},
    note	= {%  [arXiv:hep-ph/9604294]. %%CITATION = HEP-PH 9604294;%%}
}
@Article{hammer,
    author	= {H. W. Hammer, U. G. Meissner, Eur. Phys. J. A 20},
    year	= 2004,
    title	= {469}
}
@Article{Belushkin:2006qa,
    author	= {M. A. Belushkin, H. W.~Hammer, U. G.~Meissner, %``Dispersion analysis of the nucleon form factors including meson %continua,'' Phys.\ Rev.\  C 75},
    year	= 2007,
    title	= {035202},
    note	= {%[arXiv:hep-ph/0608337]. %%CITATION = PHRVA,C75,035202;%%}
}
@Article{Belushkin:2005ds,
    author	= {M. A. Belushkin, H. W.~Hammer, U. G.~Meissner, % ``Novel evaluation of the two-pion contribution to the nucleon isovector form %factors,'' Phys.\ Lett.\ B 633},
    year	= 2006,
    title	= {507},
    note	= {%[arXiv:hep-ph/0510382]. %%CITATION = HEP-PH 0510382;%%}
}
@Article{HammerMusolf,
    author	= {H.w. Hammer, M. J.~Ramsey-Musolf, %``K anti-K continuum and isoscalar nucleon form factors,'' Phys.\ Rev.\ C 60},
    year	= 1999,
    title	= {045204},
    note	= {; Phys. Rev. \ C 62 (2000)] 049902 (erratum). %[arXiv:hep-ph/9903367]. %%CITATION = HEP-PH 9903367;%% %``Spectral content of isoscalar nucleon form factors,'' Phys.\ Rev.\ C 60 () 045205 ;  Phys.\ Rev \ C 62 (2000) 049903 (erratum). %[arXiv:hep-ph/9812261]. %%CITATION = HEP-PH 9812261;%%}
}
@Article{Meissner:1997qt,
    author	= {U. G. Meissner, V.~Mull, J.~Speth, J. W.~van Orden, %``Strange vector currents and the OZI-rule,'' Phys.\ Lett.\ B 408},
    year	= 1997,
    title	= {381},
    note	= {%[arXiv:hep-ph/9701296]. %%CITATION = HEP-PH 9701296;%%}
}
@Article{isgur,
    author	= {N. Isgur, G. Karl,  Phys. Rev. D 18},
    year	= 1978,
    title	= {4187},
    note	= {;  {\bf 19}, 2653 (1979);  Phys. Rev. D 20 (1979) 1191;  C. Hayne, N. Isgur, Phys. Rev. D 25 (1982) 1944.}
}
@Article{derujula,
    author	= {A. De Rujula, H. Georgi, S. L. Glashow, Phys. Rev. D 12},
    year	= 1975,
    title	= {147}
}
@Article{Koniuk:1979vy,
    author	= {R. Koniuk, N.~Isgur, %``Baryon Decays In A Quark Model With Chromodynamics,'' Phys.\ Rev.\ D 21},
    year	= 1980,
    title	= {1868},
    note	= {; Phys.\ Rev. \ D 23 (1981) 818 (eraatum). %%CITATION = PHRVA,D21,1868;%%}
}
@Article{Isgur:1981yz,
    author	= {N. Isgur, G.~Karl, R.~Koniuk, %``D Waves In The Nucleon: A Test Of Color Magnetism,'' Phys.\ Rev.\ D 25},
    year	= 1982,
    title	= {2394},
    note	= {%%CITATION = PHRVA,D25,2394;%%}
}
@Article{Glashow79,
    author	= {S. L. Glashow, Physica  96A},
    year	= 1979,
    title	= {27}
}
@Article{PVY06,
    author	= {V. Pascalutsa, M.~Vanderhaeghen, S. N.~Yang, %``Electromagnetic excitation of the Delta},
    year	= 1232,
    title	= {Resonance,'' Phys},
    note	= {\ Rept.\  437 (2007) 125.  %[arXiv:hep-ph/0609004]. %%CITATION = PRPLC,437,125;%%}
}
@Article{dirac,
    author	= {P. A.M. Dirac, Rev. Mod. Phys. 21},
    year	= 1949,
    title	= {392}
}
@Article{Berestetsky,
    author	= {V. B. Berestetsky, M. V.~Terentev, %``Light Front Dynamics And Nucleons From Relativistic Quarks,'' Sov.\ J.\ Nucl.\ Phys.\  24},
    year	= 1976,
    title	= {547},
    note	= {[Yad.\ Fiz.\  24 ()] 1044; %``Nucleon Form-Factors And Dynamics Of The Light Front,'' 25 (1977) 347; 25 (1977) 653].}
}
@Article{chung,
    author	= {P. L. Chung, F. Coester, Phys. Rev. D 44},
    year	= 1991,
    title	= {229}
}
@Article{Melosh:1974cu,
    author	= {H. J. Melosh, %``Quarks: Currents and constituents,'' Phys.\ Rev.\ D  9},
    year	= 1974,
    title	= {1095},
    note	= {%%CITATION = PHRVA,D9,1095;%%}
}
@Article{schlumpf,
    author	= {F. Schlumpf F. and Phys. Rev. D  47},
    year	= 1993,
    title	= {4114},
    note	= {; %``Nucleon form-factors in a relativistic quark model,'' J.\ Phys.\ G  20 (1994) 237. %[arXiv:hep-ph/9301233]. %%CITATION = HEP-PH 9301233;%%}
}
@Article{gamiller,
    author	= {M. R. Frank, B. K. Jennings, G. A. Miller,  Phys. Rev. C  54},
    year	= 1996,
    title	= {920}
}
@Article{miller02,
    author	= {G. A. Miller, M. R. Frank, Phys. Rev. C  65},
    year	= 2002,
    title	= {065205}
}
@Article{rome,
    author	= {F. Cardarelli, E.~Pace, G.~Salme, S.~Simula, %``Nucleon and pion electromagnetic form-factors in a light front constituent %quark model,'' Phys.\ Lett.\ B 357},
    year	= 1995,
    title	= {267},
    note	= {%[arXiv:nucl-th/9507037]. %%CITATION = NUCL-TH 9507037;%%}
}
@Article{cardarelli,
    author	= {F. Cardarelli, S. Simula, Phys. Rev. C  62},
    year	= 2000,
    title	= {65201}
}
@Article{boffi,
    author	= {S. Boffi, L. Y.~Glozman, W.~Klink, W.~Plessas, M.~Radici, R.~F.~Wagenbrunn,  % ``Covariant electroweak nucleon form factors in a chiral constituent  quark %model,'' Eur.\ Phys.\ J.\ A  14},
    year	= 2002,
    title	= {17},
    note	= {%[arXiv:hep-ph/0108271]. %%CITATION = HEP-PH 0108271;%%}
}
@Article{gross,
    author	= {F. Gross, P.~Agbakpe, %``The shape of the nucleon,'' Phys.\ Rev.\ C  73},
    year	= 2006,
    title	= {015203},
    note	= {%[arXiv:nucl-th/0411090]. %%CITATION = NUCL-TH 0411090;%%}
}
@Article{Capstick:1986bm,
    author	= {S. Capstick, N.~Isgur, %``Baryons In A Relativized Quark Model With Chromodynamics,'' Phys.\ Rev.\ D  34},
    year	= 1986,
    title	= {2809},
    note	= {%%CITATION = PHRVA,D34,2809;%%}
}
@Article{Petronzio:2003bw,
    author	= {R. Petronzio, S.~Simula, G.~Ricco, %``Possible evidence of extended objects inside the proton,'' Phys.\ Rev.\ D  67},
    year	= 2003,
    title	= {094004},
    note	= {; Phys.\ Rev. \ D  68 () 099901. %[arXiv:hep-ph/0301206]. %%CITATION = HEP-PH 0301206;%%}
}
@Article{pace,
    author	= {E. Pace, G. Salme, F. Cardarelli, S. Simula,  Nucl. Phys. A  666$ and $667},
    year	= 2000,
    title	= {33c}
}
@Article{Glozman:1997fs,
    author	= {L. Y. Glozman, Z.~Papp, W.~Plessas, K.~Varga, R. F.~Wagenbrunn, %``Effective Q Q interactions in constituent quark models,'' Phys.\ Rev.\ C  57},
    year	= 1998,
    title	= {3406},
    note	= {%[arXiv:nucl-th/9705011]. %%CITATION = NUCL-TH 9705011;%%}
}
@Article{Glozman:1997ag,
    author	= {L. Y. Glozman, W.~Plessas, K.~Varga, R. F.~Wagenbrunn, %``Unified description of light- and strange-baryon spectra,'' Phys.\ Rev.\ D  58},
    year	= 1998,
    title	= {094030},
    note	= {%[arXiv:hep-ph/9706507]. %%CITATION = HEP-PH 9706507;%%}
}
@Article{wagenbrunn,
    author	= {R. F. Wagenbrunn, S.~Boffi, W.~Klink, W.~Plessas, M.~Radici, % ``Covariant nucleon electromagnetic form factors from the  Goldstone-boson %exchange quark model,'' Phys.\ Lett.\ B  511},
    year	= 2001,
    title	= {33},
    note	= {%[arXiv:nucl-th/0010048]. %%CITATION = NUCL-TH 0010048;%%}
}
@Article{Wagenbrunn:2005wk,
    author	= {R. F. Wagenbrunn, S.~Boffi, W.~Klink, W.~Plessas, M.~Radici, % ``Covariant nucleon electromagnetic form factors from the  Goldstone-boson %exchange quark model,'' Phys.\ Lett.\ B  511},
    year	= 2001,
    title	= {R},
    note	= {F. Wagenbrunn, T.~Melde, W.~Plessas, % ``Poincare-invariant spectator-model currents for electroweak nucleon  form %factors,'' arXiv:hep-ph/0509047. %%CITATION = HEP-PH 0509047;%%}
}
@Article{Coester:2003rw,
    author	= {F. Coester, D. O.~Riska, %``Scaling of hadronic form factors in point form kinematics,'' Nucl.\ Phys.\ A  728},
    year	= 2003,
    title	= {439},
    note	= {%[arXiv:nucl-th/0306002]. %%CITATION = NUCL-TH 0306002;%%}
}
@Article{Julia-Diaz:2003gq,
    author	= {B. Julia-Diaz, D. O.~Riska, F.~Coester, %``Baryon form factors of relativistic constituent-quark models,'' Phys.\ Rev.\ C  69},
    year	= 2004,
    title	= {035212},
    note	= {%[arXiv:hep-ph/0312169]. %%CITATION = HEP-PH 0312169;%%}
}
@Article{Merten:2002nz,
    author	= {D. Merten, U.~Loring, K.~Kretzschmar, B.~Metsch, H. R.~Petry, %``Electroweak form factors of non-strange baryons,'' Eur.\ Phys.\ J.\ A  14},
    year	= 2002,
    title	= {477},
    note	= {%[arXiv:hep-ph/0204024]. %%CITATION = HEP-PH 0204024;%%}
}
@Article{Desplanques:2003nk,
    author	= {B. Desplanques, L.~Theussl, % ``Form factors in the 'point form' of relativistic quantum mechanics:  Single %and two-particle currents,'' Eur.\ Phys.\ J.\ A  21},
    year	= 2004,
    title	= {93},
    note	= {%[arXiv:hep-ph/0307028]. %%CITATION = HEP-PH 0307028;%%}
}
@Article{Desplanques:2005vu,
    author	= {B. Desplanques, L.~Theussl, % ``Form factors in the 'point form' of relativistic quantum mechanics:  Single %and two-particle currents,'' Eur.\ Phys.\ J.\ A  21},
    year	= 2004,
    title	= {Desplanques B},
    note	= {%``Form factors in relativistic quantum mechanics approaches and space-time %translation invariance,'' arXiv:nucl-th/0510003. %%CITATION = NUCL-TH 0510003;%%}
}
@Article{Desanctis,
    author	= {M. De Sanctis, M. M. Giannini, L. Repetto, E. Santopinto, Phys. Rev. C  62},
    year	= 2000,
    title	= {025208}
}
@Article{Manohar:1983md,
    author	= {A. Manohar, H.~Georgi, %``Chiral Quarks And The Nonrelativistic Quark Model,'' Nucl.\ Phys.\  B  234},
    year	= 1984,
    title	= {189},
    note	= {%%CITATION = NUPHA,B234,189;%%}
}
@Article{Thomas:1982kv,
    author	= {A. W. Thomas, %``Chiral Symmetry And The Bag Model: A New Starting Point For Nuclear %Physics,'' Adv.\ Nucl.\ Phys.\   13},
    year	= 1984,
    title	= {1}
}
@Article{lu,
    author	= {Lu D.~H., A. W. Thomas and A. G. Williams, Phys. Rev. C {\bf 57}, 2628},
    year	= 1998,
    title	= {1998}
}
@Article{miller02b,
    author	= {G. A. Miller, %``Light front cloudy bag model: Nucleon electromagnetic form factors,'' Phys.\ Rev.\ C  66},
    year	= 2002,
    title	= {032201(R)},
    note	= {%[arXiv:nucl-th/0207007]. %%CITATION = NUCL-TH 0207007;%%}
}
@Article{Oset:1984tv,
    author	= {E. Oset, R.~Tegen, W.~Weise, %``Nucleon Charge Form-Factors And Chiral Quark Models,'' Nucl.\ Phys.\  A  426},
    year	= 1984,
    title	= {456},
    note	= {; Nucl.\ Phys. \  A  453 (1986) 751 (erratum). %%CITATION = NUPHA,A426,456;%%}
}
@Article{Jena:1992qx,
    author	= {S. N. Jena, S.~Panda, %``Contributions of the pion cloud to the nucleon electromagnetic properties %in a relativistic potential model of independent quarks,'' J.\ Phys.\ G  18},
    year	= 1992,
    title	= {273},
    note	= {%%CITATION = JPHGB,G18,273;%%}
}
@Article{faessler,
    author	= {A. Faessler, T.~Gutsche, V. E.~Lyubovitskij, K.~Pumsa-ard, %``Chiral dynamics of baryons in a Lorentz covariant quark model,'' Phys.\ Rev.\ D  73},
    year	= 2006,
    title	= {114021},
    note	= {%[arXiv:hep-ph/0511319]. %%CITATION = HEP-PH 0511319;%%}
}
@Article{Lyubovitskij:2001nm,
    author	= {V. E. Lyubovitskij, T.~Gutsche, A.~Faessler, %``Electromagnetic structure of the nucleon in the perturbative chiral  quark %model,'' Phys.\ Rev.\  C  64},
    year	= 2001,
    title	= {065203},
    note	= {%[arXiv:hep-ph/0105043]. %%CITATION = PHRVA,C64,065203;%%}
}
@Article{Faessler:2006ky,
    author	= {A. Faessler, T.~Gutsche, B. R.~Holstein, V. E.~Lyubovitskij, D.~Nicmorus, K.~Pumsa-ard, %``Light baryon magnetic moments and N --> Delta gamma transition in a %Lorentz covariant chiral quark approach,'' Phys.\ Rev.\  D  74},
    year	= 2006,
    title	= {074010},
    note	= {%[arXiv:hep-ph/0608015]. %%CITATION = PHRVA,D74,074010;%%}
}
@Article{Dia86,
    author	= {D. I. Diakonov, V.~Petrov, Nucl. Phys.  B 272},
    year	= 1986,
    title	= {457},
    note	= {%%CITATION = NUPHA,B272,457;%%}
}
@Article{Dia88,
    author	= {D. I. Diakonov, V. Petrov, P. Pobylitsa, Nucl. Phys.  B 306},
    year	= 1988,
    title	= {809},
    note	= {%%CITATION = NUPHA,B306,809;%%}
}
@Article{Chr96,
    author	= {Chr.V. Christov, A. Blotz, H. C. Kim, P. Pobylitsa, T. Watabe, Th. Meissner, E. Ruiz Arriola, K. Goeke, Prog. Part. Nucl. Phys.  37},
    year	= 1996,
    title	= {91},
    note	= {%%CITATION = HEP-PH 9604441;%%}
}
@Article{Christov:1995hr,
    author	= {C. V. Christov, A. Z.~Gorski, K.~Goeke, P. V.~Pobylitsa, %``Electromagnetic Form-Factors Of The Nucleon In The Chiral Quark Soliton %Model,'' Nucl.\ Phys.\ A  592},
    year	= 1995,
    title	= {513},
    note	= {%[arXiv:hep-ph/9507256]. %%CITATION = HEP-PH 9507256;%%}
}
@Article{holzwarth,
    author	= {G. Holzwarth G. and Z Phys. A  356},
    year	= 1996,
    title	= {339},
    note	= {; G. Holzwarth, hep-ph/0201138 v1 2002.}
}
@Article{mitra,
    author	= {A. N. Mitra, I.~Kumari, %``Relativistic Form-Factors For Clusters With Nonrelativistic Wave %Functions,'' Phys.\ Rev.\ D  15},
    year	= 1977,
    title	= {261},
    note	= {%%CITATION = PHRVA,D15,261;%%}
}
@Article{walcher,
    author	= {J. Friedrich, Th. Walcher, Eur. Phys. J. A {\bf 17}},
    year	= 2003,
    title	= {607}
}
@Article{Ziskin,
    author	= {J. Friedrich, Th. Walcher, Eur. Phys. J. A {\bf 17}},
    year	= 2003,
    title	= {V},
    note	= {Ziskin, PhD thesis, MIT, unpublished, 2005.}
}
@Article{miller03,
    author	= {G. A. Miller, %``Shapes of the proton,'' Phys.\ Rev.\ C  68},
    year	= 2003,
    title	= {022201(R)},
    note	= {%[arXiv:nucl-th/0304076]. %%CITATION = NUCL-TH 0304076;%%}
}
@Article{miller06,
    author	= {Kvinikhidze A. and G.~A.~Miller, %``Shapes of the Nucleon,'' Phys.\ Rev.\ C  73},
    year	= 2006,
    title	= {065203},
    note	= {%[arXiv:nucl-th/0603035]. %%CITATION = NUCL-TH 0603035;%%}
}
@Article{HHK97,
    author	= {T. R. Hemmert, B. R.~Holstein, J.~Kambor, %``Systematic 1/M expansion for spin 3/2 particles in baryon chiral  perturbation theory,'' Phys.\ Lett.\ B  395},
    year	= 1997,
    title	= {89},
    note	= {; %%CITATION = HEP-PH 9606456;%% %``Chiral Lagrangians and Delta(1232) interactions: Formalism,'' J.\ Phys.\ G  24 (1998) 1831. %[arXiv:hep-ph/9712496]. %%CITATION = HEP-PH 9712496;%%}
}
@Article{Bernard:1998gv,
    author	= {V. Bernard, H. W.~Fearing, T. R.~Hemmert, U. G.~Meissner, %``The form factors of the nucleon at small momentum transfer,'' Nucl.\ Phys.\ A  635},
    year	= 1998,
    title	= {121},
    note	= {; Nucl.\ Phys. \ A  642 () 563 (erratum). %[arXiv:hep-ph/9801297]. %%CITATION = HEP-PH 9801297;%%}
}
@Article{kubis01,
    author	= {B. Kubis, U. G.~Meissner, %``Baryon form factors in chiral perturbation theory,'' Eur.\ Phys.\ J.\ C  18},
    year	= 2001,
    title	= {747},
    note	= {;  %[arXiv:hep-ph/0010283]. %%CITATION = HEP-PH 0010283;%% B.~Kubis, U.G.~Meissner, %``Low energy analysis of the nucleon electromagnetic form factors,'' Nucl.\ Phys.\ A  679 () 698. %[arXiv:hep-ph/0007056]. %%CITATION = HEP-PH 0007056;%%}
}
@Article{schindler,
    author	= {M. R. Schindler, J.~Gegelia, S.~Scherer, % ``Electromagnetic form factors of the nucleon in chiral perturbation theory %including vector mesons,'' Eur.\ Phys.\ J.\ A  26},
    year	= 2005,
    title	= {1},
    note	= {%[arXiv:nucl-th/0509005]. %%CITATION = NUCL-TH 0509005;%%}
}
@Article{Kopecky:1997rw,
    author	= {S. Kopecky, M.~Krenn, P.~Riehs, S.~Steiner, J. A.~Harvey, N. W.~Hill, M.~Pernicka, %``Neutron charge radius determined from the energy dependence of the  neutron %transmission of liquid Pb-208 and Bi-209,'' Phys.\ Rev.\  C  56},
    year	= 1997,
    title	= {2229},
    note	= {%%CITATION = PHRVA,C56,2229;%%}
}
@Article{wilson,
    author	= {K. G. Wilson, %``CONFINEMENT OF QUARKS,'' Phys.\ Rev.\ D  10},
    year	= 1974,
    title	= {2445},
    note	= {%%CITATION = PHRVA,D10,2445;%%}
}
@Article{MILC,
    author	= {C. Bernard, {\it et al.}, Phys. Rev. D  61},
    year	= 2000,
    title	= {111502(R)},
    note	= {;  K. Orginos, D. Tousaint, R.L. Sugar, Phys. Rev. D  60 (1999) 054503.}
}
@Article{tmQCD,
    author	= {F. Farchioni, {\it et al.}, hep-lat/0512017;  R. Frezzotti, G. Rossi, JHEP 0408},
    year	= 2004,
    title	= {007},
    note	= {; JHEP 0410 () 070.}
}
@Article{Boinepalli:2006xd,
    author	= {S. Boinepalli, D. B.~Leinweber, A. G.~Williams, J. M.~Zanotti, J. B.~Zhang, % ``Precision electromagnetic structure of octet baryons in the chiral %regime,'' Phys.\ Rev.\ D  74},
    year	= 2006,
    title	= {093005},
    note	= {%[arXiv:hep-lat/0604022]. %%CITATION = HEP-LAT 0604022;%%}
}
@Article{Wilcox:1985iy,
    author	= {W. Wilcox, R. M.~Woloshyn, %``Lattice Results On The Meson Electric Form-Factor,'' Phys.\ Rev.\ Lett.\   54},
    year	= 1985,
    title	= {2653},
    note	= {%%CITATION = PRLTA,54,2653;%%}
}
@Article{Martinelli:1988rr,
    author	= {G. Martinelli, C. T.~Sachrajda, %``A LATTICE STUDY OF NUCLEON STRUCTURE,'' Nucl.\ Phys.\ B  316},
    year	= 1989,
    title	= {355},
    note	= {%%CITATION = NUPHA,B316,355;%%}
}
@Article{Leinweber:1990dv,
    author	= {D. B. Leinweber, R. M.~Woloshyn, T.~Draper, %``Electromagnetic structure of octet baryons,'' Phys.\ Rev.\ D  43},
    year	= 1991,
    title	= {1659},
    note	= {%%CITATION = PHRVA,D43,1659;%%}
}
@Article{Alexandrou:2006ru,
    author	= {C. Alexandrou, G.~Koutsou, J. W.~Negele, A.~Tsapalis, %``The nucleon electromagnetic form factors from lattice QCD,'' Phys.\ Rev.\ D 74},
    year	= 2006,
    title	= {034508},
    note	= {%[arXiv:hep-lat/0605017]. %%CITATION = HEP-LAT 0605017;%%}
}
@Article{Alexandrou:2006pr,
    author	= {C. Alexandrou, G.~Koutsou, J. W.~Negele, A.~Tsapalis, %``The nucleon electromagnetic form factors from lattice QCD,'' Phys.\ Rev.\ D 74},
    year	= 2006,
    title	= {C},
    note	= {Alexandrou, %``Hadron deformation and form factors from lattice QCD,'' arXiv:hep-lat/0608025. %%CITATION = HEP-LAT 0608025;%%}
}
@Article{Gockeler:2006uu,
    author	= {M. G\"ockeler, {\it et al.}, QCDSF/UKQCD Collaboration, %``Nucleon form factors: Probing the chiral limit,'' PoS  LAT2006},
    year	= 2006,
    title	= {120},
    note	= {arXiv:hep-lat/0610118. %%CITATION = HEP-LAT 0610118;%%}
}
@Article{Gockeler:2003ay,
    author	= {M. G\"ockeler, T. R.~Hemmert, R.~Horsley, D.~Pleiter, P. E.L.~Rakow,  A.~Sch\"afer, G.~Schierholz, QCDSF Collaboration, %``Nucleon electromagnetic form factors on the lattice and in chiral %effective field theory,'' Phys.\ Rev.\ D  71},
    year	= 2005,
    title	= {034508},
    note	= {%[arXiv:hep-lat/0303019]. %%CITATION = HEP-LAT 0303019;%%}
}
@Article{Edwards:2006qx,
    author	= {M. G\"ockeler, T. R.~Hemmert, R.~Horsley, D.~Pleiter, P. E. L.~Rakow,  A.~Sch\"afer, G.~Schierholz, QCDSF Collaboration, %``Nucleon electromagnetic form factors on the lattice and in chiral %effective field theory,'' Phys.\ Rev.\ D  71},
    year	= 2005,
    title	= {R},
    note	= {G. Edwards, {\it et al.}, LHPC Collaboration, %``Nucleon structure in the chiral regime with domain wall fermions on an %improved staggered sea,'' arXiv:hep-lat/0610007. %%CITATION = HEP-LAT 0610007;%%  %\cite{Sharpe:2006re}}
}
@Article{Sharpe:2006re,
    author	= {S. R.~Sharpe, %``Rooted staggered fermions: Good, bad or ugly?,'' PoS  LAT2006},
    year	= 2006,
    title	= {022},
    note	= {arXiv:hep-lat/0610094. %%CITATION = POSCI,LAT022;%%}
}
@Article{Leinweber:2001ui,
    author	= {D. B. Leinweber, A. W.~Thomas, R.~D.~Young, %``Chiral symmetry and the intrinsic structure of the nucleon,'' Phys.\ Rev.\ Lett.\   86},
    year	= 2001,
    title	= {5011},
    note	= {%[arXiv:hep-ph/0101211]. %%CITATION = HEP-PH 0101211;%%}
}
@Article{Hemmert:2002uh,
    author	= {T. R. Hemmert, W.~Weise, %``Chiral magnetism of the nucleon,'' Eur.\ Phys.\ J.\ A  15},
    year	= 2002,
    title	= {487},
    note	= {%[arXiv:hep-lat/0204005]. %%CITATION = HEP-LAT 0204005;%%}
}
@Article{Gasser:1987rb,
    author	= {J. Gasser, M. E.~Sainio, A.~Svarc, %``Nucleons With Chiral Loops,'' Nucl.\ Phys.\  B  307},
    year	= 1988,
    title	= {779},
    note	= {%%CITATION = NUPHA,B307,779;%%}
}
@Article{Leinweber:1992hj,
    author	= {D. B. Leinweber, T.~D.~Cohen, %``Chiral corrections to lattice calculations of charge radii,'' Phys.\ Rev.\ D  47},
    year	= 1993,
    title	= {2147},
    note	= {%[arXiv:hep-lat/9211058]. %%CITATION = HEP-LAT 9211058;%%}
}
@Article{McGovern:2006fm,
    author	= {J. A. McGovern, M. C.~Birse, %``Convergence of the chiral expansion for the nucleon mass,'' Phys.\ Rev.\ D  74},
    year	= 2006,
    title	= {097501},
    note	= {%[arXiv:hep-lat/0608002]. %%CITATION = HEP-LAT 0608002;%%}
}
@Article{Pascalutsa:2004ga,
    author	= {V. Pascalutsa, B. R.~Holstein, M.~Vanderhaeghen, %``A derivative of the Gerasimov-Drell-Hearn sum rule,'' Phys.\ Lett.\ B  600},
    year	= 2004,
    title	= {239},
    note	= {%[arXiv:hep-ph/0407313]. %%CITATION = HEP-PH 0407313;%%}
}
@Article{Holstein:2005db,
    author	= {B. R. Holstein, V.~Pascalutsa, M.~Vanderhaeghen, % ``Sum rules for magnetic moments and polarizabilities in QED and chiral %effective-field theory,'' Phys.\ Rev.\ D  72},
    year	= 2005,
    title	= {094014},
    note	= {%[arXiv:hep-ph/0507016]. %%CITATION = HEP-PH 0507016;%%}
}
@Article{gerasimov,
    author	= {S. B. Gerasimov, %``A Sum Rule For Magnetic Moments And The Damping Of The Nucleon Magnetic %Moment In Nuclei,'' Sov.\ J.\ Nucl.\ Phys.\   2},
    year	= 1966,
    title	= {430},
    note	= {; Yad.\ Fiz.\  {\bf 2} () 598. %%CITATION = SJNCA,2,430;%%}
}
@Article{drellhearn,
    author	= {S. D. Drell, A. C.~Hearn, %``Exact Sum Rule For Nucleon Magnetic Moments,'' Phys.\ Rev.\ Lett.\   16},
    year	= 1966,
    title	= {908},
    note	= {%%CITATION = PRLTA,16,908;%%}
}
@Article{Leinweber:1999ig,
    author	= {D. B. Leinweber, A. W.~Thomas, K.~Tsushima, S. V.~Wright, %``Baryon masses from lattice QCD: Beyond the perturbative chiral regime,'' Phys.\ Rev.\ D  61},
    year	= 2000,
    title	= {074502},
    note	= {%[arXiv:hep-lat/9906027]. %%CITATION = HEP-LAT 9906027;%%}
}
@Article{Leinweber:2003dg,
    author	= {D. B. Leinweber, A. W.~Thomas, R. D.~Young, %``Physical nucleon properties from lattice QCD,'' Phys.\ Rev.\ Lett.\   92},
    year	= 2004,
    title	= {242002},
    note	= {%[arXiv:hep-lat/0302020]. %%CITATION = HEP-LAT 0302020;%%}
}
@Article{Dunne:2001ip,
    author	= {G. V. Dunne, A. W.~Thomas, S. V.~Wright, %``Chiral extrapolation: An analogy with effective field theory,'' Phys.\ Lett.\ B  531},
    year	= 2002,
    title	= {77},
    note	= {%[arXiv:hep-th/0110155]. %%CITATION = HEP-TH 0110155;%%}
}
@Article{Matevosyan05,
    author	= {H. H. Matevosyan, A. W.~Thomas, G. A.~Miller, % ``Study of lattice QCD form factors using the extended Gari-Krumpelmann %model,'' Phys.\ Rev.\ C  72},
    year	= 2005,
    title	= {065204},
    note	= {; %[arXiv:nucl-th/0508049]. %%CITATION = NUCL-TH 0508049;%% %  H.~H.~Matevosyan, G.~A.~Miller and A.~W.~Thomas, % ``Comparison of nucleon form factors from lattice QCD against the light front %cloudy bag model and extrapolation to the physical mass regime,'' Phys.\ Rev.\ C  71 () 055204. %%CITATION = PHRVA,C71,055204;%%}
}
@Article{Ji98a,
    author	= {X. D. Ji, J. Osborne, Phys. Rev. D  58},
    year	= 1998,
    title	= {094018},
    note	= {%%CITATION = HEP-PH 9801260;%%}
}
@Article{Col99,
    author	= {J. C. Collins, A.~Freund, Phys. Rev. D  59},
    year	= 1999,
    title	= {074009},
    note	= {%%CITATION = HEP-PH 9801262;%%}
}
@Article{rady,
    author	= {A. V. Radyushkin, Phys. Rev. D  58},
    year	= 1998,
    title	= {114008},
    note	= {%%CITATION = HEP-PH 9803316;%%}
}
@Article{Muller:1998fv,
    author	= {D. M\"uller, D.~Robaschik, B.~Geyer, F. M.~Dittes, J.~Horejsi, %``Wave functions, evolution equations and evolution kernels from light-ray operators of {QCD},'' Fortsch.\ Phys.\  42},
    year	= 1994,
    title	= {101},
    note	= {%[arXiv:hep-ph/9812448]. %%CITATION = HEP-PH 9812448;%%}
}
@Article{ji,
    author	= {X. D. Ji, %``Gauge invariant decomposition of nucleon spin,'' Phys.\ Rev.\ Lett.\   78},
    year	= 1997,
    title	= {610},
    note	= {; %[arXiv:hep-ph/9603249], %%CITATION = HEP-PH 9603249;%% %}
}
@Article{Ji:1996nm,
    author	= {%X.~D.~Ji, %``Deeply-virtual Compton scattering,'' Phys.\ Rev.\ D  55},
    year	= 1997,
    title	= {7114},
    note	= {%[arXiv:hep-ph/9609381]. %%CITATION = HEP-PH 9609381;%%}
}
@Article{Radyushkin:1996nd,
    author	= {A. V. Radyushkin, %``Scaling Limit of Deeply Virtual Compton Scattering,'' Phys.\ Lett.\ B  380},
    year	= 1996,
    title	= {417},
    note	= {%[arXiv:hep-ph/9604317]. %%CITATION = HEP-PH 9604317;%%}
}
@Article{Ji:1998pc,
    author	= {X. D. Ji, %``Off-forward parton distributions,'' J.\ Phys.\ G  24},
    year	= 1998,
    title	= {1181},
    note	= {%[arXiv:hep-ph/9807358]. %%CITATION = HEP-PH 9807358;%%}
}
@Article{Goeke:2001tz,
    author	= {K. Goeke, M. V.~Polyakov, M.~Vanderhaeghen, %``Hard exclusive reactions and the structure of hadrons,'' Prog.\ Part.\ Nucl.\ Phys.\   47},
    year	= 2001,
    title	= {401},
    note	= {%[arXiv:hep-ph/0106012]. %%CITATION = HEP-PH 0106012;%%}
}
@Article{Diehl:2003ny,
    author	= {Diehl M. and %``Generalized parton distributions,'' Phys.\ Rept.\   388},
    year	= 2003,
    title	= {41},
    note	= {%[arXiv:hep-ph/0307382]. %%CITATION = HEP-PH 0307382;%%}
}
@Article{Belitsky:2005qn,
    author	= {A. V. Belitsky, A. V.~Radyushkin, %``Unraveling hadron structure with generalized parton distributions,'' Phys.\ Rept.\   418},
    year	= 2005,
    title	= {1},
    note	= {%[arXiv:hep-ph/0504030]. %%CITATION = HEP-PH 0504030;%%}
}
@Article{Ji:2004gf,
    author	= {X. Ji, %``Generalized parton distributions,'' Ann.\ Rev.\ Nucl.\ Part.\ Sci.\   54},
    year	= 2004,
    title	= {413},
    note	= {%%CITATION = ARNUA,54,413;%%}
}
@Article{diehl,
    author	= {M. Diehl, T.~Feldmann, R.~Jakob, P.~Kroll, %``Generalized parton distributions from nucleon form factor data,'' Eur.\ Phys.\ J.\ C  39},
    year	= 2005,
    title	= {1},
    note	= {%[arXiv:hep-ph/0408173]. %%CITATION = HEP-PH 0408173;%%}
}
@Article{guidal,
    author	= {M. Guidal, M. V.~Polyakov, A. V.~Radyushkin, M.~Vanderhaeghen, %``Nucleon form factors from generalized parton distributions,'' Phys.\ Rev.\ D  72},
    year	= 2005,
    title	= {054013},
    note	= {%  [arXiv:hep-ph/0410251]. %%CITATION = HEP-PH 0410251;%%}
}
@Article{Burkardt:2002hr,
    author	= {M. Burkardt, %``Impact parameter space interpretation for generalized parton %distributions,'' Int.\ J.\ Mod.\ Phys.\ A  18},
    year	= 2003,
    title	= {173},
    note	= {%[arXiv:hep-ph/0207047]. %%CITATION = HEP-PH 0207047;%%}
}
@Article{Burkardt:2004bv,
    author	= {Burkardt M. and %``Generalized parton distributions for large x,'' Phys.\ Lett.\ B  595},
    year	= 2004,
    title	= {245},
    note	= {%[arXiv:hep-ph/0401159]. %%CITATION = HEP-PH 0401159;%%}
}
@Article{E-04-108,
    author	= {E. Brash, M. Jones, C. Perdrisat, V.Punjabi, {\it et al.}, JLab Proposal 04-108},
    year	= 2004,
    title	= {2004}
}
@Article{Chernyak:1977as,
    author	= {V. L. Chernyak, A. R.~Zhitnitsky, %``Asymptotic Behavior Of Hadron Form-Factors In Quark Model. (In Russian),'' JETP Lett.\   25},
    year	= 1977,
    title	= {510},
    note	= {; Pisma Zh.\ Eksp.\ Teor.\ Fiz.\   25 () 544. %%CITATION = JTPLA,25,510;%%}
}
@Article{Chernyak:1977fk,
    author	= {V. L. Chernyak, A. R.~Zhitnitsky, V. G.~Serbo, %``Asymptotic hadronic form-factors in quantum chromodynamics,'' JETP Lett.\   26},
    year	= 1977,
    title	= {594},
    note	= {; Pisma Zh.\ Eksp.\ Teor.\ Fiz.\   26 () 760. %%CITATION = JTPLA,26,594;%%}
}
@Article{Efremov:1979qk,
    author	= {A. V. Efremov, A. V.~Radyushkin, %``Factorization And Asymptotical Behavior Of Pion Form-Factor In QCD,'' Phys.\ Lett.\ B  94},
    year	= 1980,
    title	= {245},
    note	= {%%CITATION = PHLTA,B94,245;%%}
}
@Article{Belitsky:2002kj,
    author	= {A. V. Belitsky, X. D.~Ji, F.~Yuan, %``A perturbative QCD analysis of the nucleon's Pauli form factor  F2(Q**2),'' Phys.\ Rev.\ Lett.\  91},
    year	= 2003,
    title	= {092003},
    note	= {%[arXiv:hep-ph/0212351]. %%CITATION = HEP-PH 0212351;%%}
}
@Article{jain,
    author	= {J. P. Ralston, P. Jain, Phys.Rev. D  69},
    year	= 2004,
    title	= {053008}
}
@Article{Brodsky:2003pw,
    author	= {S. J. Brodsky, J. R.~Hiller, D. S.~Hwang, V. A.~Karmanov, %``The covariant structure of light-front wave functions and the behavior  of %hadronic form factors,'' Phys.\ Rev.\ D  69},
    year	= 2004,
    title	= {076001},
    note	= {%[arXiv:hep-ph/0311218]. %%CITATION = HEP-PH 0311218;%%}
}
@Article{Nesterenko:1983ef,
    author	= {V. A. Nesterenko, A. V.~Radyushkin, %``Local Quark - Hadron Duality And Nucleon Form-Factors In QCD,'' Phys.\ Lett.\ B  128},
    year	= 1983,
    title	= {439},
    note	= {%%CITATION = PHLTA,B128,439;%%}
}
@Article{feynman,
    author	= {V. A. Nesterenko, A. V.~Radyushkin, %``Local Quark - Hadron Duality And Nucleon Form-Factors In QCD,'' Phys.\ Lett.\ B  128},
    year	= 1983,
    title	= {R},
    note	= {P. Feynman, Photon-Hadron Interactions, Benjamin, Reading, MA, 1972.}
}
@Article{bolz,
    author	= {J. Bolz, R.~Jakob, P.~Kroll, M.~Bergmann, N. G.~Stefanis, %``A Critical analysis of the proton form-factor with Sudakov suppression and %intrinsic transverse momentum,'' Z.\ Phys.\ C  66},
    year	= 1995,
    title	= {267},
    note	= {%[arXiv:hep-ph/9405340]. %%CITATION = HEP-PH 9405340;%%}
}
@Article{kroll,
    author	= {P. Kroll, M. Sch\"urmann, W. Schweiger, Z. Phys. A  338},
    year	= 1991,
    title	= {339}
}
@Article{braun06,
    author	= {V. M. Braun, A.~Lenz, M.~Wittmann, %``Nucleon form factors in QCD,'' Phys.\ Rev.\ D  73 094019},
    year	= 2006,
    title	= {076001},
    note	= {%[arXiv:hep-ph/0604050]. %%CITATION = HEP-PH 0604050;%%   %%%%%%%%%%%%%%%%%%%%%%%%%%%%%%%%%%%%%%%%%%%%%%%%%%%%%%%%%%%%%%%%%%%%%%%}
}
