@BOOK{Duffie2001,
title = {{Dynamic Asset Pricing Theory}},
year = {2001},
author = {Duffie, Darrell},
edition = {3}
}
